%YAML 1.1
%TAG !u! tag:unity3d.com,2011:
--- !u!1 &2550956327314651713
GameObject:
  m_ObjectHideFlags: 0
  m_CorrespondingSourceObject: {fileID: 0}
  m_PrefabInstance: {fileID: 0}
  m_PrefabAsset: {fileID: 0}
  serializedVersion: 6
  m_Component:
  - component: {fileID: 2550956327314651712}
  - component: {fileID: 7627863520513112014}
  m_Layer: 0
  m_Name: TestamentComposedDeadFx
  m_TagString: Untagged
  m_Icon: {fileID: 0}
  m_NavMeshLayer: 0
  m_StaticEditorFlags: 0
  m_IsActive: 1
--- !u!4 &2550956327314651712
Transform:
  m_ObjectHideFlags: 0
  m_CorrespondingSourceObject: {fileID: 0}
  m_PrefabInstance: {fileID: 0}
  m_PrefabAsset: {fileID: 0}
  m_GameObject: {fileID: 2550956327314651713}
  m_LocalRotation: {x: 0, y: 0, z: 0, w: 1}
  m_LocalPosition: {x: 0, y: 0, z: 0}
  m_LocalScale: {x: 1, y: 1, z: 1}
  m_Children:
  - {fileID: 4014953161641576383}
  - {fileID: 8784460637670010513}
  m_Father: {fileID: 0}
  m_RootOrder: 0
  m_LocalEulerAnglesHint: {x: 0, y: 0, z: 0}
--- !u!114 &7627863520513112014
MonoBehaviour:
  m_ObjectHideFlags: 0
  m_CorrespondingSourceObject: {fileID: 0}
  m_PrefabInstance: {fileID: 0}
  m_PrefabAsset: {fileID: 0}
  m_GameObject: {fileID: 2550956327314651713}
  m_Enabled: 1
  m_EditorHideFlags: 0
  m_Script: {fileID: 11500000, guid: d9b5a71a9f92eed449349fbebe6ee3c4, type: 3}
  m_Name: 
  m_EditorClassIdentifier: 
  particles: {fileID: 0}
  particleSFX: 
  particlesDuration: 0
  destroyParticles: 0
  offset: 0.3
  fxWrappers:
  - {fileID: 4014953161641576352}
  - {fileID: 1024438634316921847}
--- !u!1001 &1500028405962620415
PrefabInstance:
  m_ObjectHideFlags: 0
  serializedVersion: 2
  m_Modification:
    m_TransformParent: {fileID: 2550956327314651712}
    m_Modifications:
    - target: {fileID: 2550956327314651713, guid: e54671334c686084c864aaf7122e33f8,
        type: 3}
      propertyPath: m_Name
      value: TestamentDeadFx
      objectReference: {fileID: 0}
    - target: {fileID: 2550956327314651712, guid: e54671334c686084c864aaf7122e33f8,
        type: 3}
      propertyPath: m_LocalPosition.x
      value: 0
      objectReference: {fileID: 0}
    - target: {fileID: 2550956327314651712, guid: e54671334c686084c864aaf7122e33f8,
        type: 3}
      propertyPath: m_LocalPosition.y
      value: 0
      objectReference: {fileID: 0}
    - target: {fileID: 2550956327314651712, guid: e54671334c686084c864aaf7122e33f8,
        type: 3}
      propertyPath: m_LocalPosition.z
      value: 0
      objectReference: {fileID: 0}
    - target: {fileID: 2550956327314651712, guid: e54671334c686084c864aaf7122e33f8,
        type: 3}
      propertyPath: m_LocalRotation.x
      value: 0
      objectReference: {fileID: 0}
    - target: {fileID: 2550956327314651712, guid: e54671334c686084c864aaf7122e33f8,
        type: 3}
      propertyPath: m_LocalRotation.y
      value: 0
      objectReference: {fileID: 0}
    - target: {fileID: 2550956327314651712, guid: e54671334c686084c864aaf7122e33f8,
        type: 3}
      propertyPath: m_LocalRotation.z
      value: 0
      objectReference: {fileID: 0}
    - target: {fileID: 2550956327314651712, guid: e54671334c686084c864aaf7122e33f8,
        type: 3}
      propertyPath: m_LocalRotation.w
      value: 1
      objectReference: {fileID: 0}
    - target: {fileID: 2550956327314651712, guid: e54671334c686084c864aaf7122e33f8,
        type: 3}
      propertyPath: m_RootOrder
      value: 0
      objectReference: {fileID: 0}
    - target: {fileID: 2550956327314651712, guid: e54671334c686084c864aaf7122e33f8,
        type: 3}
      propertyPath: m_LocalEulerAnglesHint.x
      value: 0
      objectReference: {fileID: 0}
    - target: {fileID: 2550956327314651712, guid: e54671334c686084c864aaf7122e33f8,
        type: 3}
      propertyPath: m_LocalEulerAnglesHint.y
      value: 0
      objectReference: {fileID: 0}
    - target: {fileID: 2550956327314651712, guid: e54671334c686084c864aaf7122e33f8,
        type: 3}
      propertyPath: m_LocalEulerAnglesHint.z
      value: 0
      objectReference: {fileID: 0}
    m_RemovedComponents: []
  m_SourcePrefab: {fileID: 100100000, guid: e54671334c686084c864aaf7122e33f8, type: 3}
--- !u!4 &4014953161641576383 stripped
Transform:
  m_CorrespondingSourceObject: {fileID: 2550956327314651712, guid: e54671334c686084c864aaf7122e33f8,
    type: 3}
  m_PrefabInstance: {fileID: 1500028405962620415}
  m_PrefabAsset: {fileID: 0}
--- !u!114 &4014953161641576352 stripped
MonoBehaviour:
  m_CorrespondingSourceObject: {fileID: 2550956327314651743, guid: e54671334c686084c864aaf7122e33f8,
    type: 3}
  m_PrefabInstance: {fileID: 1500028405962620415}
  m_PrefabAsset: {fileID: 0}
  m_GameObject: {fileID: 0}
  m_Enabled: 1
  m_EditorHideFlags: 0
  m_Script: {fileID: 11500000, guid: a7427057b22ee8045a732ed3e9f160c4, type: 3}
  m_Name: 
  m_EditorClassIdentifier: 
--- !u!1001 &6544165257908863449
PrefabInstance:
  m_ObjectHideFlags: 0
  serializedVersion: 2
  m_Modification:
    m_TransformParent: {fileID: 2550956327314651712}
    m_Modifications:
    - target: {fileID: 6013527301218347585, guid: a2b8d21c8fab9b247a1e3359a05f4d2f,
        type: 3}
      propertyPath: m_Name
      value: SoulsCollectablesFx
      objectReference: {fileID: 0}
    - target: {fileID: 2538103610427092808, guid: a2b8d21c8fab9b247a1e3359a05f4d2f,
        type: 3}
      propertyPath: m_LocalPosition.x
      value: 0
      objectReference: {fileID: 0}
    - target: {fileID: 2538103610427092808, guid: a2b8d21c8fab9b247a1e3359a05f4d2f,
        type: 3}
      propertyPath: m_LocalPosition.y
      value: 0
      objectReference: {fileID: 0}
    - target: {fileID: 2538103610427092808, guid: a2b8d21c8fab9b247a1e3359a05f4d2f,
        type: 3}
      propertyPath: m_LocalPosition.z
      value: 0
      objectReference: {fileID: 0}
    - target: {fileID: 2538103610427092808, guid: a2b8d21c8fab9b247a1e3359a05f4d2f,
        type: 3}
      propertyPath: m_LocalRotation.x
      value: 0
      objectReference: {fileID: 0}
    - target: {fileID: 2538103610427092808, guid: a2b8d21c8fab9b247a1e3359a05f4d2f,
        type: 3}
      propertyPath: m_LocalRotation.y
      value: 0
      objectReference: {fileID: 0}
    - target: {fileID: 2538103610427092808, guid: a2b8d21c8fab9b247a1e3359a05f4d2f,
        type: 3}
      propertyPath: m_LocalRotation.z
      value: 0
      objectReference: {fileID: 0}
    - target: {fileID: 2538103610427092808, guid: a2b8d21c8fab9b247a1e3359a05f4d2f,
        type: 3}
      propertyPath: m_LocalRotation.w
      value: 1
      objectReference: {fileID: 0}
    - target: {fileID: 2538103610427092808, guid: a2b8d21c8fab9b247a1e3359a05f4d2f,
        type: 3}
      propertyPath: m_RootOrder
      value: 1
      objectReference: {fileID: 0}
    - target: {fileID: 2538103610427092808, guid: a2b8d21c8fab9b247a1e3359a05f4d2f,
        type: 3}
      propertyPath: m_LocalEulerAnglesHint.x
      value: 0
      objectReference: {fileID: 0}
    - target: {fileID: 2538103610427092808, guid: a2b8d21c8fab9b247a1e3359a05f4d2f,
        type: 3}
      propertyPath: m_LocalEulerAnglesHint.y
      value: 0
      objectReference: {fileID: 0}
    - target: {fileID: 2538103610427092808, guid: a2b8d21c8fab9b247a1e3359a05f4d2f,
        type: 3}
      propertyPath: m_LocalEulerAnglesHint.z
      value: 0
      objectReference: {fileID: 0}
    m_RemovedComponents: []
  m_SourcePrefab: {fileID: 100100000, guid: a2b8d21c8fab9b247a1e3359a05f4d2f, type: 3}
--- !u!4 &8784460637670010513 stripped
Transform:
  m_CorrespondingSourceObject: {fileID: 2538103610427092808, guid: a2b8d21c8fab9b247a1e3359a05f4d2f,
    type: 3}
  m_PrefabInstance: {fileID: 6544165257908863449}
  m_PrefabAsset: {fileID: 0}
--- !u!114 &1024438634316921847 stripped
MonoBehaviour:
  m_CorrespondingSourceObject: {fileID: 6117579496158214702, guid: a2b8d21c8fab9b247a1e3359a05f4d2f,
    type: 3}
  m_PrefabInstance: {fileID: 6544165257908863449}
  m_PrefabAsset: {fileID: 0}
  m_GameObject: {fileID: 0}
  m_Enabled: 1
  m_EditorHideFlags: 0
  m_Script: {fileID: 11500000, guid: a7427057b22ee8045a732ed3e9f160c4, type: 3}
  m_Name: 
  m_EditorClassIdentifier: 
