%YAML 1.1
%TAG !u! tag:unity3d.com,2011:
--- !u!1001 &1970543699036750253
PrefabInstance:
  m_ObjectHideFlags: 0
  serializedVersion: 2
  m_Modification:
    m_TransformParent: {fileID: 4191325294302163737}
    m_Modifications:
    - target: {fileID: 1962889693775016189, guid: 82c171509cb2e8f4b9d4d3ae8ef942d5,
        type: 3}
      propertyPath: m_Name
      value: GiantBones (7)
      objectReference: {fileID: 0}
    - target: {fileID: 3271526609578541806, guid: 82c171509cb2e8f4b9d4d3ae8ef942d5,
        type: 3}
      propertyPath: m_LocalPosition.x
      value: 5
      objectReference: {fileID: 0}
    - target: {fileID: 3271526609578541806, guid: 82c171509cb2e8f4b9d4d3ae8ef942d5,
        type: 3}
      propertyPath: m_LocalPosition.y
      value: 1.53
      objectReference: {fileID: 0}
    - target: {fileID: 3271526609578541806, guid: 82c171509cb2e8f4b9d4d3ae8ef942d5,
        type: 3}
      propertyPath: m_LocalPosition.z
      value: 1
      objectReference: {fileID: 0}
    - target: {fileID: 3271526609578541806, guid: 82c171509cb2e8f4b9d4d3ae8ef942d5,
        type: 3}
      propertyPath: m_LocalRotation.x
      value: 0
      objectReference: {fileID: 0}
    - target: {fileID: 3271526609578541806, guid: 82c171509cb2e8f4b9d4d3ae8ef942d5,
        type: 3}
      propertyPath: m_LocalRotation.y
      value: 0
      objectReference: {fileID: 0}
    - target: {fileID: 3271526609578541806, guid: 82c171509cb2e8f4b9d4d3ae8ef942d5,
        type: 3}
      propertyPath: m_LocalRotation.z
      value: 0
      objectReference: {fileID: 0}
    - target: {fileID: 3271526609578541806, guid: 82c171509cb2e8f4b9d4d3ae8ef942d5,
        type: 3}
      propertyPath: m_LocalRotation.w
      value: 1
      objectReference: {fileID: 0}
    - target: {fileID: 3271526609578541806, guid: 82c171509cb2e8f4b9d4d3ae8ef942d5,
        type: 3}
      propertyPath: m_RootOrder
      value: 14
      objectReference: {fileID: 0}
    - target: {fileID: 3271526609578541806, guid: 82c171509cb2e8f4b9d4d3ae8ef942d5,
        type: 3}
      propertyPath: m_LocalEulerAnglesHint.x
      value: 0
      objectReference: {fileID: 0}
    - target: {fileID: 3271526609578541806, guid: 82c171509cb2e8f4b9d4d3ae8ef942d5,
        type: 3}
      propertyPath: m_LocalEulerAnglesHint.y
      value: 0
      objectReference: {fileID: 0}
    - target: {fileID: 3271526609578541806, guid: 82c171509cb2e8f4b9d4d3ae8ef942d5,
        type: 3}
      propertyPath: m_LocalEulerAnglesHint.z
      value: 0
      objectReference: {fileID: 0}
    - target: {fileID: 3383458793537879376, guid: 82c171509cb2e8f4b9d4d3ae8ef942d5,
        type: 3}
      propertyPath: position.x
      value: 5
      objectReference: {fileID: 0}
    - target: {fileID: 3383458793537879376, guid: 82c171509cb2e8f4b9d4d3ae8ef942d5,
        type: 3}
      propertyPath: position.z
      value: 1
      objectReference: {fileID: 0}
    - target: {fileID: 6222529141751616561, guid: 82c171509cb2e8f4b9d4d3ae8ef942d5,
        type: 3}
      propertyPath: m_FlipX
      value: 1
      objectReference: {fileID: 0}
    m_RemovedComponents: []
  m_SourcePrefab: {fileID: 100100000, guid: 82c171509cb2e8f4b9d4d3ae8ef942d5, type: 3}
--- !u!1001 &1994509798767189126
PrefabInstance:
  m_ObjectHideFlags: 0
  serializedVersion: 2
  m_Modification:
    m_TransformParent: {fileID: 4191325294302163737}
    m_Modifications:
    - target: {fileID: 1962889693775016189, guid: 82c171509cb2e8f4b9d4d3ae8ef942d5,
        type: 3}
      propertyPath: m_Name
      value: GiantBones (8)
      objectReference: {fileID: 0}
    - target: {fileID: 3271526609578541806, guid: 82c171509cb2e8f4b9d4d3ae8ef942d5,
        type: 3}
      propertyPath: m_LocalPosition.x
      value: 5
      objectReference: {fileID: 0}
    - target: {fileID: 3271526609578541806, guid: 82c171509cb2e8f4b9d4d3ae8ef942d5,
        type: 3}
      propertyPath: m_LocalPosition.y
      value: 1.53
      objectReference: {fileID: 0}
    - target: {fileID: 3271526609578541806, guid: 82c171509cb2e8f4b9d4d3ae8ef942d5,
        type: 3}
      propertyPath: m_LocalPosition.z
      value: 3
      objectReference: {fileID: 0}
    - target: {fileID: 3271526609578541806, guid: 82c171509cb2e8f4b9d4d3ae8ef942d5,
        type: 3}
      propertyPath: m_LocalRotation.x
      value: 0
      objectReference: {fileID: 0}
    - target: {fileID: 3271526609578541806, guid: 82c171509cb2e8f4b9d4d3ae8ef942d5,
        type: 3}
      propertyPath: m_LocalRotation.y
      value: 0
      objectReference: {fileID: 0}
    - target: {fileID: 3271526609578541806, guid: 82c171509cb2e8f4b9d4d3ae8ef942d5,
        type: 3}
      propertyPath: m_LocalRotation.z
      value: 0
      objectReference: {fileID: 0}
    - target: {fileID: 3271526609578541806, guid: 82c171509cb2e8f4b9d4d3ae8ef942d5,
        type: 3}
      propertyPath: m_LocalRotation.w
      value: 1
      objectReference: {fileID: 0}
    - target: {fileID: 3271526609578541806, guid: 82c171509cb2e8f4b9d4d3ae8ef942d5,
        type: 3}
      propertyPath: m_RootOrder
      value: 15
      objectReference: {fileID: 0}
    - target: {fileID: 3271526609578541806, guid: 82c171509cb2e8f4b9d4d3ae8ef942d5,
        type: 3}
      propertyPath: m_LocalEulerAnglesHint.x
      value: 0
      objectReference: {fileID: 0}
    - target: {fileID: 3271526609578541806, guid: 82c171509cb2e8f4b9d4d3ae8ef942d5,
        type: 3}
      propertyPath: m_LocalEulerAnglesHint.y
      value: 0
      objectReference: {fileID: 0}
    - target: {fileID: 3271526609578541806, guid: 82c171509cb2e8f4b9d4d3ae8ef942d5,
        type: 3}
      propertyPath: m_LocalEulerAnglesHint.z
      value: 0
      objectReference: {fileID: 0}
    - target: {fileID: 3383458793537879376, guid: 82c171509cb2e8f4b9d4d3ae8ef942d5,
        type: 3}
      propertyPath: position.x
      value: 5
      objectReference: {fileID: 0}
    - target: {fileID: 3383458793537879376, guid: 82c171509cb2e8f4b9d4d3ae8ef942d5,
        type: 3}
      propertyPath: position.z
      value: 3
      objectReference: {fileID: 0}
    m_RemovedComponents: []
  m_SourcePrefab: {fileID: 100100000, guid: 82c171509cb2e8f4b9d4d3ae8ef942d5, type: 3}
--- !u!1001 &2117904361019388626
PrefabInstance:
  m_ObjectHideFlags: 0
  serializedVersion: 2
  m_Modification:
    m_TransformParent: {fileID: 4191325294302163737}
    m_Modifications:
    - target: {fileID: 1962889693775016189, guid: 82c171509cb2e8f4b9d4d3ae8ef942d5,
        type: 3}
      propertyPath: m_Name
      value: GiantBones (5)
      objectReference: {fileID: 0}
    - target: {fileID: 3271526609578541806, guid: 82c171509cb2e8f4b9d4d3ae8ef942d5,
        type: 3}
      propertyPath: m_LocalPosition.x
      value: 4
      objectReference: {fileID: 0}
    - target: {fileID: 3271526609578541806, guid: 82c171509cb2e8f4b9d4d3ae8ef942d5,
        type: 3}
      propertyPath: m_LocalPosition.y
      value: 1.53
      objectReference: {fileID: 0}
    - target: {fileID: 3271526609578541806, guid: 82c171509cb2e8f4b9d4d3ae8ef942d5,
        type: 3}
      propertyPath: m_LocalPosition.z
      value: 0
      objectReference: {fileID: 0}
    - target: {fileID: 3271526609578541806, guid: 82c171509cb2e8f4b9d4d3ae8ef942d5,
        type: 3}
      propertyPath: m_LocalRotation.x
      value: 0
      objectReference: {fileID: 0}
    - target: {fileID: 3271526609578541806, guid: 82c171509cb2e8f4b9d4d3ae8ef942d5,
        type: 3}
      propertyPath: m_LocalRotation.y
      value: 0
      objectReference: {fileID: 0}
    - target: {fileID: 3271526609578541806, guid: 82c171509cb2e8f4b9d4d3ae8ef942d5,
        type: 3}
      propertyPath: m_LocalRotation.z
      value: 0
      objectReference: {fileID: 0}
    - target: {fileID: 3271526609578541806, guid: 82c171509cb2e8f4b9d4d3ae8ef942d5,
        type: 3}
      propertyPath: m_LocalRotation.w
      value: 1
      objectReference: {fileID: 0}
    - target: {fileID: 3271526609578541806, guid: 82c171509cb2e8f4b9d4d3ae8ef942d5,
        type: 3}
      propertyPath: m_RootOrder
      value: 12
      objectReference: {fileID: 0}
    - target: {fileID: 3271526609578541806, guid: 82c171509cb2e8f4b9d4d3ae8ef942d5,
        type: 3}
      propertyPath: m_LocalEulerAnglesHint.x
      value: 0
      objectReference: {fileID: 0}
    - target: {fileID: 3271526609578541806, guid: 82c171509cb2e8f4b9d4d3ae8ef942d5,
        type: 3}
      propertyPath: m_LocalEulerAnglesHint.y
      value: 0
      objectReference: {fileID: 0}
    - target: {fileID: 3271526609578541806, guid: 82c171509cb2e8f4b9d4d3ae8ef942d5,
        type: 3}
      propertyPath: m_LocalEulerAnglesHint.z
      value: 0
      objectReference: {fileID: 0}
    - target: {fileID: 3383458793537879376, guid: 82c171509cb2e8f4b9d4d3ae8ef942d5,
        type: 3}
      propertyPath: position.x
      value: 4
      objectReference: {fileID: 0}
    - target: {fileID: 6222529141751616561, guid: 82c171509cb2e8f4b9d4d3ae8ef942d5,
        type: 3}
      propertyPath: m_Sprite
      value: 
      objectReference: {fileID: -6827795461487341258, guid: c946f53051328be4f90abb9a969f38f5,
        type: 3}
    m_RemovedComponents: []
  m_SourcePrefab: {fileID: 100100000, guid: 82c171509cb2e8f4b9d4d3ae8ef942d5, type: 3}
--- !u!1001 &2190365478260109184
PrefabInstance:
  m_ObjectHideFlags: 0
  serializedVersion: 2
  m_Modification:
    m_TransformParent: {fileID: 4191325294302163737}
    m_Modifications:
    - target: {fileID: 1962889693775016189, guid: 82c171509cb2e8f4b9d4d3ae8ef942d5,
        type: 3}
      propertyPath: m_Name
      value: GiantBones (6)
      objectReference: {fileID: 0}
    - target: {fileID: 3271526609578541806, guid: 82c171509cb2e8f4b9d4d3ae8ef942d5,
        type: 3}
      propertyPath: m_LocalPosition.x
      value: 4
      objectReference: {fileID: 0}
    - target: {fileID: 3271526609578541806, guid: 82c171509cb2e8f4b9d4d3ae8ef942d5,
        type: 3}
      propertyPath: m_LocalPosition.y
      value: 1.53
      objectReference: {fileID: 0}
    - target: {fileID: 3271526609578541806, guid: 82c171509cb2e8f4b9d4d3ae8ef942d5,
        type: 3}
      propertyPath: m_LocalPosition.z
      value: 6
      objectReference: {fileID: 0}
    - target: {fileID: 3271526609578541806, guid: 82c171509cb2e8f4b9d4d3ae8ef942d5,
        type: 3}
      propertyPath: m_LocalRotation.x
      value: 0
      objectReference: {fileID: 0}
    - target: {fileID: 3271526609578541806, guid: 82c171509cb2e8f4b9d4d3ae8ef942d5,
        type: 3}
      propertyPath: m_LocalRotation.y
      value: 0
      objectReference: {fileID: 0}
    - target: {fileID: 3271526609578541806, guid: 82c171509cb2e8f4b9d4d3ae8ef942d5,
        type: 3}
      propertyPath: m_LocalRotation.z
      value: 0
      objectReference: {fileID: 0}
    - target: {fileID: 3271526609578541806, guid: 82c171509cb2e8f4b9d4d3ae8ef942d5,
        type: 3}
      propertyPath: m_LocalRotation.w
      value: 1
      objectReference: {fileID: 0}
    - target: {fileID: 3271526609578541806, guid: 82c171509cb2e8f4b9d4d3ae8ef942d5,
        type: 3}
      propertyPath: m_RootOrder
      value: 13
      objectReference: {fileID: 0}
    - target: {fileID: 3271526609578541806, guid: 82c171509cb2e8f4b9d4d3ae8ef942d5,
        type: 3}
      propertyPath: m_LocalEulerAnglesHint.x
      value: 0
      objectReference: {fileID: 0}
    - target: {fileID: 3271526609578541806, guid: 82c171509cb2e8f4b9d4d3ae8ef942d5,
        type: 3}
      propertyPath: m_LocalEulerAnglesHint.y
      value: 0
      objectReference: {fileID: 0}
    - target: {fileID: 3271526609578541806, guid: 82c171509cb2e8f4b9d4d3ae8ef942d5,
        type: 3}
      propertyPath: m_LocalEulerAnglesHint.z
      value: 0
      objectReference: {fileID: 0}
    - target: {fileID: 3383458793537879376, guid: 82c171509cb2e8f4b9d4d3ae8ef942d5,
        type: 3}
      propertyPath: position.x
      value: 4
      objectReference: {fileID: 0}
    - target: {fileID: 3383458793537879376, guid: 82c171509cb2e8f4b9d4d3ae8ef942d5,
        type: 3}
      propertyPath: position.z
      value: 6
      objectReference: {fileID: 0}
    - target: {fileID: 6222529141751616561, guid: 82c171509cb2e8f4b9d4d3ae8ef942d5,
        type: 3}
      propertyPath: m_Sprite
      value: 
      objectReference: {fileID: -6827795461487341258, guid: c946f53051328be4f90abb9a969f38f5,
        type: 3}
    m_RemovedComponents: []
  m_SourcePrefab: {fileID: 100100000, guid: 82c171509cb2e8f4b9d4d3ae8ef942d5, type: 3}
--- !u!1001 &3133805378301858378
PrefabInstance:
  m_ObjectHideFlags: 0
  serializedVersion: 2
  m_Modification:
    m_TransformParent: {fileID: 4191325294302163737}
    m_Modifications:
    - target: {fileID: 2116966748970400740, guid: 6e17ccbb1f9acec47919f6f88d334884,
        type: 3}
      propertyPath: m_Name
      value: PlateuMountain (1)
      objectReference: {fileID: 0}
    - target: {fileID: 3115263690369616375, guid: 6e17ccbb1f9acec47919f6f88d334884,
        type: 3}
      propertyPath: m_LocalPosition.x
      value: 2
      objectReference: {fileID: 0}
    - target: {fileID: 3115263690369616375, guid: 6e17ccbb1f9acec47919f6f88d334884,
        type: 3}
      propertyPath: m_LocalPosition.y
      value: 0.9
      objectReference: {fileID: 0}
    - target: {fileID: 3115263690369616375, guid: 6e17ccbb1f9acec47919f6f88d334884,
        type: 3}
      propertyPath: m_LocalPosition.z
      value: 7
      objectReference: {fileID: 0}
    - target: {fileID: 3115263690369616375, guid: 6e17ccbb1f9acec47919f6f88d334884,
        type: 3}
      propertyPath: m_LocalRotation.x
      value: 0
      objectReference: {fileID: 0}
    - target: {fileID: 3115263690369616375, guid: 6e17ccbb1f9acec47919f6f88d334884,
        type: 3}
      propertyPath: m_LocalRotation.y
      value: -0
      objectReference: {fileID: 0}
    - target: {fileID: 3115263690369616375, guid: 6e17ccbb1f9acec47919f6f88d334884,
        type: 3}
      propertyPath: m_LocalRotation.z
      value: -0
      objectReference: {fileID: 0}
    - target: {fileID: 3115263690369616375, guid: 6e17ccbb1f9acec47919f6f88d334884,
        type: 3}
      propertyPath: m_LocalRotation.w
      value: 1
      objectReference: {fileID: 0}
    - target: {fileID: 3115263690369616375, guid: 6e17ccbb1f9acec47919f6f88d334884,
        type: 3}
      propertyPath: m_RootOrder
      value: 1
      objectReference: {fileID: 0}
    - target: {fileID: 3115263690369616375, guid: 6e17ccbb1f9acec47919f6f88d334884,
        type: 3}
      propertyPath: m_LocalEulerAnglesHint.x
      value: 0
      objectReference: {fileID: 0}
    - target: {fileID: 3115263690369616375, guid: 6e17ccbb1f9acec47919f6f88d334884,
        type: 3}
      propertyPath: m_LocalEulerAnglesHint.y
      value: 0
      objectReference: {fileID: 0}
    - target: {fileID: 3115263690369616375, guid: 6e17ccbb1f9acec47919f6f88d334884,
        type: 3}
      propertyPath: m_LocalEulerAnglesHint.z
      value: 0
      objectReference: {fileID: 0}
    - target: {fileID: 4318078953675389097, guid: 6e17ccbb1f9acec47919f6f88d334884,
        type: 3}
      propertyPath: position.x
      value: 2
      objectReference: {fileID: 0}
    - target: {fileID: 4318078953675389097, guid: 6e17ccbb1f9acec47919f6f88d334884,
        type: 3}
      propertyPath: position.z
      value: 7
      objectReference: {fileID: 0}
    m_RemovedComponents: []
  m_SourcePrefab: {fileID: 100100000, guid: 6e17ccbb1f9acec47919f6f88d334884, type: 3}
--- !u!1001 &3789447289614065730
PrefabInstance:
  m_ObjectHideFlags: 0
  serializedVersion: 2
  m_Modification:
    m_TransformParent: {fileID: 4191325294302163737}
    m_Modifications:
    - target: {fileID: 1962889693775016189, guid: 82c171509cb2e8f4b9d4d3ae8ef942d5,
        type: 3}
      propertyPath: m_Name
      value: GiantBones (1)
      objectReference: {fileID: 0}
    - target: {fileID: 3271526609578541806, guid: 82c171509cb2e8f4b9d4d3ae8ef942d5,
        type: 3}
      propertyPath: m_LocalPosition.x
      value: 3
      objectReference: {fileID: 0}
    - target: {fileID: 3271526609578541806, guid: 82c171509cb2e8f4b9d4d3ae8ef942d5,
        type: 3}
      propertyPath: m_LocalPosition.y
      value: 1.53
      objectReference: {fileID: 0}
    - target: {fileID: 3271526609578541806, guid: 82c171509cb2e8f4b9d4d3ae8ef942d5,
        type: 3}
      propertyPath: m_LocalPosition.z
      value: 1
      objectReference: {fileID: 0}
    - target: {fileID: 3271526609578541806, guid: 82c171509cb2e8f4b9d4d3ae8ef942d5,
        type: 3}
      propertyPath: m_LocalRotation.x
      value: 0
      objectReference: {fileID: 0}
    - target: {fileID: 3271526609578541806, guid: 82c171509cb2e8f4b9d4d3ae8ef942d5,
        type: 3}
      propertyPath: m_LocalRotation.y
      value: 0
      objectReference: {fileID: 0}
    - target: {fileID: 3271526609578541806, guid: 82c171509cb2e8f4b9d4d3ae8ef942d5,
        type: 3}
      propertyPath: m_LocalRotation.z
      value: 0
      objectReference: {fileID: 0}
    - target: {fileID: 3271526609578541806, guid: 82c171509cb2e8f4b9d4d3ae8ef942d5,
        type: 3}
      propertyPath: m_LocalRotation.w
      value: 1
      objectReference: {fileID: 0}
    - target: {fileID: 3271526609578541806, guid: 82c171509cb2e8f4b9d4d3ae8ef942d5,
        type: 3}
      propertyPath: m_RootOrder
      value: 8
      objectReference: {fileID: 0}
    - target: {fileID: 3271526609578541806, guid: 82c171509cb2e8f4b9d4d3ae8ef942d5,
        type: 3}
      propertyPath: m_LocalEulerAnglesHint.x
      value: 0
      objectReference: {fileID: 0}
    - target: {fileID: 3271526609578541806, guid: 82c171509cb2e8f4b9d4d3ae8ef942d5,
        type: 3}
      propertyPath: m_LocalEulerAnglesHint.y
      value: 0
      objectReference: {fileID: 0}
    - target: {fileID: 3271526609578541806, guid: 82c171509cb2e8f4b9d4d3ae8ef942d5,
        type: 3}
      propertyPath: m_LocalEulerAnglesHint.z
      value: 0
      objectReference: {fileID: 0}
    - target: {fileID: 3383458793537879376, guid: 82c171509cb2e8f4b9d4d3ae8ef942d5,
        type: 3}
      propertyPath: position.x
      value: 3
      objectReference: {fileID: 0}
    - target: {fileID: 3383458793537879376, guid: 82c171509cb2e8f4b9d4d3ae8ef942d5,
        type: 3}
      propertyPath: position.z
      value: 1
      objectReference: {fileID: 0}
    - target: {fileID: 6222529141751616561, guid: 82c171509cb2e8f4b9d4d3ae8ef942d5,
        type: 3}
      propertyPath: m_Sprite
      value: 
      objectReference: {fileID: -6827795461487341258, guid: c946f53051328be4f90abb9a969f38f5,
        type: 3}
    m_RemovedComponents: []
  m_SourcePrefab: {fileID: 100100000, guid: 82c171509cb2e8f4b9d4d3ae8ef942d5, type: 3}
--- !u!1001 &4446698542773176980
PrefabInstance:
  m_ObjectHideFlags: 0
  serializedVersion: 2
  m_Modification:
    m_TransformParent: {fileID: 4191325294302163737}
    m_Modifications:
    - target: {fileID: 2116966748970400740, guid: 6e17ccbb1f9acec47919f6f88d334884,
        type: 3}
      propertyPath: m_Name
      value: PlateuMountain (3)
      objectReference: {fileID: 0}
    - target: {fileID: 3115263690369616375, guid: 6e17ccbb1f9acec47919f6f88d334884,
        type: 3}
      propertyPath: m_LocalPosition.x
      value: 6
      objectReference: {fileID: 0}
    - target: {fileID: 3115263690369616375, guid: 6e17ccbb1f9acec47919f6f88d334884,
        type: 3}
      propertyPath: m_LocalPosition.y
      value: 0.9
      objectReference: {fileID: 0}
    - target: {fileID: 3115263690369616375, guid: 6e17ccbb1f9acec47919f6f88d334884,
        type: 3}
      propertyPath: m_LocalPosition.z
      value: 7
      objectReference: {fileID: 0}
    - target: {fileID: 3115263690369616375, guid: 6e17ccbb1f9acec47919f6f88d334884,
        type: 3}
      propertyPath: m_LocalRotation.x
      value: 0
      objectReference: {fileID: 0}
    - target: {fileID: 3115263690369616375, guid: 6e17ccbb1f9acec47919f6f88d334884,
        type: 3}
      propertyPath: m_LocalRotation.y
      value: -0
      objectReference: {fileID: 0}
    - target: {fileID: 3115263690369616375, guid: 6e17ccbb1f9acec47919f6f88d334884,
        type: 3}
      propertyPath: m_LocalRotation.z
      value: -0
      objectReference: {fileID: 0}
    - target: {fileID: 3115263690369616375, guid: 6e17ccbb1f9acec47919f6f88d334884,
        type: 3}
      propertyPath: m_LocalRotation.w
      value: 1
      objectReference: {fileID: 0}
    - target: {fileID: 3115263690369616375, guid: 6e17ccbb1f9acec47919f6f88d334884,
        type: 3}
      propertyPath: m_RootOrder
      value: 3
      objectReference: {fileID: 0}
    - target: {fileID: 3115263690369616375, guid: 6e17ccbb1f9acec47919f6f88d334884,
        type: 3}
      propertyPath: m_LocalEulerAnglesHint.x
      value: 0
      objectReference: {fileID: 0}
    - target: {fileID: 3115263690369616375, guid: 6e17ccbb1f9acec47919f6f88d334884,
        type: 3}
      propertyPath: m_LocalEulerAnglesHint.y
      value: 0
      objectReference: {fileID: 0}
    - target: {fileID: 3115263690369616375, guid: 6e17ccbb1f9acec47919f6f88d334884,
        type: 3}
      propertyPath: m_LocalEulerAnglesHint.z
      value: 0
      objectReference: {fileID: 0}
    - target: {fileID: 4318078953675389097, guid: 6e17ccbb1f9acec47919f6f88d334884,
        type: 3}
      propertyPath: position.x
      value: 6
      objectReference: {fileID: 0}
    - target: {fileID: 4318078953675389097, guid: 6e17ccbb1f9acec47919f6f88d334884,
        type: 3}
      propertyPath: position.z
      value: 7
      objectReference: {fileID: 0}
    m_RemovedComponents: []
  m_SourcePrefab: {fileID: 100100000, guid: 6e17ccbb1f9acec47919f6f88d334884, type: 3}
--- !u!1001 &4617662758739582628
PrefabInstance:
  m_ObjectHideFlags: 0
  serializedVersion: 2
  m_Modification:
    m_TransformParent: {fileID: 4191325294302163737}
    m_Modifications:
    - target: {fileID: 2116966748970400740, guid: 6e17ccbb1f9acec47919f6f88d334884,
        type: 3}
      propertyPath: m_Name
      value: PlateuMountain (2)
      objectReference: {fileID: 0}
    - target: {fileID: 3115263690369616375, guid: 6e17ccbb1f9acec47919f6f88d334884,
        type: 3}
      propertyPath: m_LocalPosition.x
      value: 6
      objectReference: {fileID: 0}
    - target: {fileID: 3115263690369616375, guid: 6e17ccbb1f9acec47919f6f88d334884,
        type: 3}
      propertyPath: m_LocalPosition.y
      value: 0.9
      objectReference: {fileID: 0}
    - target: {fileID: 3115263690369616375, guid: 6e17ccbb1f9acec47919f6f88d334884,
        type: 3}
      propertyPath: m_LocalPosition.z
      value: 1
      objectReference: {fileID: 0}
    - target: {fileID: 3115263690369616375, guid: 6e17ccbb1f9acec47919f6f88d334884,
        type: 3}
      propertyPath: m_LocalRotation.x
      value: 0
      objectReference: {fileID: 0}
    - target: {fileID: 3115263690369616375, guid: 6e17ccbb1f9acec47919f6f88d334884,
        type: 3}
      propertyPath: m_LocalRotation.y
      value: -0
      objectReference: {fileID: 0}
    - target: {fileID: 3115263690369616375, guid: 6e17ccbb1f9acec47919f6f88d334884,
        type: 3}
      propertyPath: m_LocalRotation.z
      value: -0
      objectReference: {fileID: 0}
    - target: {fileID: 3115263690369616375, guid: 6e17ccbb1f9acec47919f6f88d334884,
        type: 3}
      propertyPath: m_LocalRotation.w
      value: 1
      objectReference: {fileID: 0}
    - target: {fileID: 3115263690369616375, guid: 6e17ccbb1f9acec47919f6f88d334884,
        type: 3}
      propertyPath: m_RootOrder
      value: 2
      objectReference: {fileID: 0}
    - target: {fileID: 3115263690369616375, guid: 6e17ccbb1f9acec47919f6f88d334884,
        type: 3}
      propertyPath: m_LocalEulerAnglesHint.x
      value: 0
      objectReference: {fileID: 0}
    - target: {fileID: 3115263690369616375, guid: 6e17ccbb1f9acec47919f6f88d334884,
        type: 3}
      propertyPath: m_LocalEulerAnglesHint.y
      value: 0
      objectReference: {fileID: 0}
    - target: {fileID: 3115263690369616375, guid: 6e17ccbb1f9acec47919f6f88d334884,
        type: 3}
      propertyPath: m_LocalEulerAnglesHint.z
      value: 0
      objectReference: {fileID: 0}
    - target: {fileID: 4318078953675389097, guid: 6e17ccbb1f9acec47919f6f88d334884,
        type: 3}
      propertyPath: position.x
      value: 6
      objectReference: {fileID: 0}
    - target: {fileID: 4318078953675389097, guid: 6e17ccbb1f9acec47919f6f88d334884,
        type: 3}
      propertyPath: position.z
      value: 1
      objectReference: {fileID: 0}
    m_RemovedComponents: []
  m_SourcePrefab: {fileID: 100100000, guid: 6e17ccbb1f9acec47919f6f88d334884, type: 3}
--- !u!1001 &4678722094990506705
PrefabInstance:
  m_ObjectHideFlags: 0
  serializedVersion: 2
  m_Modification:
    m_TransformParent: {fileID: 4191325294302163737}
    m_Modifications:
    - target: {fileID: 1962889693775016189, guid: 82c171509cb2e8f4b9d4d3ae8ef942d5,
        type: 3}
      propertyPath: m_Name
      value: GiantBones (2)
      objectReference: {fileID: 0}
    - target: {fileID: 3271526609578541806, guid: 82c171509cb2e8f4b9d4d3ae8ef942d5,
        type: 3}
      propertyPath: m_LocalPosition.x
      value: 2
      objectReference: {fileID: 0}
    - target: {fileID: 3271526609578541806, guid: 82c171509cb2e8f4b9d4d3ae8ef942d5,
        type: 3}
      propertyPath: m_LocalPosition.y
      value: 1.53
      objectReference: {fileID: 0}
    - target: {fileID: 3271526609578541806, guid: 82c171509cb2e8f4b9d4d3ae8ef942d5,
        type: 3}
      propertyPath: m_LocalPosition.z
      value: 5
      objectReference: {fileID: 0}
    - target: {fileID: 3271526609578541806, guid: 82c171509cb2e8f4b9d4d3ae8ef942d5,
        type: 3}
      propertyPath: m_LocalRotation.x
      value: 0
      objectReference: {fileID: 0}
    - target: {fileID: 3271526609578541806, guid: 82c171509cb2e8f4b9d4d3ae8ef942d5,
        type: 3}
      propertyPath: m_LocalRotation.y
      value: 0
      objectReference: {fileID: 0}
    - target: {fileID: 3271526609578541806, guid: 82c171509cb2e8f4b9d4d3ae8ef942d5,
        type: 3}
      propertyPath: m_LocalRotation.z
      value: 0
      objectReference: {fileID: 0}
    - target: {fileID: 3271526609578541806, guid: 82c171509cb2e8f4b9d4d3ae8ef942d5,
        type: 3}
      propertyPath: m_LocalRotation.w
      value: 1
      objectReference: {fileID: 0}
    - target: {fileID: 3271526609578541806, guid: 82c171509cb2e8f4b9d4d3ae8ef942d5,
        type: 3}
      propertyPath: m_RootOrder
      value: 9
      objectReference: {fileID: 0}
    - target: {fileID: 3271526609578541806, guid: 82c171509cb2e8f4b9d4d3ae8ef942d5,
        type: 3}
      propertyPath: m_LocalEulerAnglesHint.x
      value: 0
      objectReference: {fileID: 0}
    - target: {fileID: 3271526609578541806, guid: 82c171509cb2e8f4b9d4d3ae8ef942d5,
        type: 3}
      propertyPath: m_LocalEulerAnglesHint.y
      value: 0
      objectReference: {fileID: 0}
    - target: {fileID: 3271526609578541806, guid: 82c171509cb2e8f4b9d4d3ae8ef942d5,
        type: 3}
      propertyPath: m_LocalEulerAnglesHint.z
      value: 0
      objectReference: {fileID: 0}
    - target: {fileID: 3383458793537879376, guid: 82c171509cb2e8f4b9d4d3ae8ef942d5,
        type: 3}
      propertyPath: position.x
      value: 2
      objectReference: {fileID: 0}
    - target: {fileID: 3383458793537879376, guid: 82c171509cb2e8f4b9d4d3ae8ef942d5,
        type: 3}
      propertyPath: position.z
      value: 5
      objectReference: {fileID: 0}
    m_RemovedComponents: []
  m_SourcePrefab: {fileID: 100100000, guid: 82c171509cb2e8f4b9d4d3ae8ef942d5, type: 3}
--- !u!1001 &4850991075047203331
PrefabInstance:
  m_ObjectHideFlags: 0
  serializedVersion: 2
  m_Modification:
    m_TransformParent: {fileID: 4191325294302163737}
    m_Modifications:
    - target: {fileID: 1962889693775016189, guid: 82c171509cb2e8f4b9d4d3ae8ef942d5,
        type: 3}
      propertyPath: m_Name
      value: GiantBones (9)
      objectReference: {fileID: 0}
    - target: {fileID: 3271526609578541806, guid: 82c171509cb2e8f4b9d4d3ae8ef942d5,
        type: 3}
      propertyPath: m_LocalPosition.x
      value: 5
      objectReference: {fileID: 0}
    - target: {fileID: 3271526609578541806, guid: 82c171509cb2e8f4b9d4d3ae8ef942d5,
        type: 3}
      propertyPath: m_LocalPosition.y
      value: 1.53
      objectReference: {fileID: 0}
    - target: {fileID: 3271526609578541806, guid: 82c171509cb2e8f4b9d4d3ae8ef942d5,
        type: 3}
      propertyPath: m_LocalPosition.z
      value: 5
      objectReference: {fileID: 0}
    - target: {fileID: 3271526609578541806, guid: 82c171509cb2e8f4b9d4d3ae8ef942d5,
        type: 3}
      propertyPath: m_LocalRotation.x
      value: 0
      objectReference: {fileID: 0}
    - target: {fileID: 3271526609578541806, guid: 82c171509cb2e8f4b9d4d3ae8ef942d5,
        type: 3}
      propertyPath: m_LocalRotation.y
      value: 0
      objectReference: {fileID: 0}
    - target: {fileID: 3271526609578541806, guid: 82c171509cb2e8f4b9d4d3ae8ef942d5,
        type: 3}
      propertyPath: m_LocalRotation.z
      value: 0
      objectReference: {fileID: 0}
    - target: {fileID: 3271526609578541806, guid: 82c171509cb2e8f4b9d4d3ae8ef942d5,
        type: 3}
      propertyPath: m_LocalRotation.w
      value: 1
      objectReference: {fileID: 0}
    - target: {fileID: 3271526609578541806, guid: 82c171509cb2e8f4b9d4d3ae8ef942d5,
        type: 3}
      propertyPath: m_RootOrder
      value: 16
      objectReference: {fileID: 0}
    - target: {fileID: 3271526609578541806, guid: 82c171509cb2e8f4b9d4d3ae8ef942d5,
        type: 3}
      propertyPath: m_LocalEulerAnglesHint.x
      value: 0
      objectReference: {fileID: 0}
    - target: {fileID: 3271526609578541806, guid: 82c171509cb2e8f4b9d4d3ae8ef942d5,
        type: 3}
      propertyPath: m_LocalEulerAnglesHint.y
      value: 0
      objectReference: {fileID: 0}
    - target: {fileID: 3271526609578541806, guid: 82c171509cb2e8f4b9d4d3ae8ef942d5,
        type: 3}
      propertyPath: m_LocalEulerAnglesHint.z
      value: 0
      objectReference: {fileID: 0}
    - target: {fileID: 3383458793537879376, guid: 82c171509cb2e8f4b9d4d3ae8ef942d5,
        type: 3}
      propertyPath: position.x
      value: 5
      objectReference: {fileID: 0}
    - target: {fileID: 3383458793537879376, guid: 82c171509cb2e8f4b9d4d3ae8ef942d5,
        type: 3}
      propertyPath: position.z
      value: 5
      objectReference: {fileID: 0}
    - target: {fileID: 6222529141751616561, guid: 82c171509cb2e8f4b9d4d3ae8ef942d5,
        type: 3}
      propertyPath: m_Sprite
      value: 
      objectReference: {fileID: -6827795461487341258, guid: c946f53051328be4f90abb9a969f38f5,
        type: 3}
    m_RemovedComponents: []
  m_SourcePrefab: {fileID: 100100000, guid: 82c171509cb2e8f4b9d4d3ae8ef942d5, type: 3}
--- !u!1001 &6342327580554343335
PrefabInstance:
  m_ObjectHideFlags: 0
  serializedVersion: 2
  m_Modification:
    m_TransformParent: {fileID: 4191325294302163737}
    m_Modifications:
    - target: {fileID: 1962889693775016189, guid: 82c171509cb2e8f4b9d4d3ae8ef942d5,
        type: 3}
      propertyPath: m_Name
      value: GiantBones (3)
      objectReference: {fileID: 0}
    - target: {fileID: 3271526609578541806, guid: 82c171509cb2e8f4b9d4d3ae8ef942d5,
        type: 3}
      propertyPath: m_LocalPosition.x
      value: 3
      objectReference: {fileID: 0}
    - target: {fileID: 3271526609578541806, guid: 82c171509cb2e8f4b9d4d3ae8ef942d5,
        type: 3}
      propertyPath: m_LocalPosition.y
      value: 1.53
      objectReference: {fileID: 0}
    - target: {fileID: 3271526609578541806, guid: 82c171509cb2e8f4b9d4d3ae8ef942d5,
        type: 3}
      propertyPath: m_LocalPosition.z
      value: 5
      objectReference: {fileID: 0}
    - target: {fileID: 3271526609578541806, guid: 82c171509cb2e8f4b9d4d3ae8ef942d5,
        type: 3}
      propertyPath: m_LocalRotation.x
      value: 0
      objectReference: {fileID: 0}
    - target: {fileID: 3271526609578541806, guid: 82c171509cb2e8f4b9d4d3ae8ef942d5,
        type: 3}
      propertyPath: m_LocalRotation.y
      value: 0
      objectReference: {fileID: 0}
    - target: {fileID: 3271526609578541806, guid: 82c171509cb2e8f4b9d4d3ae8ef942d5,
        type: 3}
      propertyPath: m_LocalRotation.z
      value: 0
      objectReference: {fileID: 0}
    - target: {fileID: 3271526609578541806, guid: 82c171509cb2e8f4b9d4d3ae8ef942d5,
        type: 3}
      propertyPath: m_LocalRotation.w
      value: 1
      objectReference: {fileID: 0}
    - target: {fileID: 3271526609578541806, guid: 82c171509cb2e8f4b9d4d3ae8ef942d5,
        type: 3}
      propertyPath: m_RootOrder
      value: 10
      objectReference: {fileID: 0}
    - target: {fileID: 3271526609578541806, guid: 82c171509cb2e8f4b9d4d3ae8ef942d5,
        type: 3}
      propertyPath: m_LocalEulerAnglesHint.x
      value: 0
      objectReference: {fileID: 0}
    - target: {fileID: 3271526609578541806, guid: 82c171509cb2e8f4b9d4d3ae8ef942d5,
        type: 3}
      propertyPath: m_LocalEulerAnglesHint.y
      value: 0
      objectReference: {fileID: 0}
    - target: {fileID: 3271526609578541806, guid: 82c171509cb2e8f4b9d4d3ae8ef942d5,
        type: 3}
      propertyPath: m_LocalEulerAnglesHint.z
      value: 0
      objectReference: {fileID: 0}
    - target: {fileID: 3383458793537879376, guid: 82c171509cb2e8f4b9d4d3ae8ef942d5,
        type: 3}
      propertyPath: position.x
      value: 3
      objectReference: {fileID: 0}
    - target: {fileID: 3383458793537879376, guid: 82c171509cb2e8f4b9d4d3ae8ef942d5,
        type: 3}
      propertyPath: position.z
      value: 5
      objectReference: {fileID: 0}
    - target: {fileID: 6222529141751616561, guid: 82c171509cb2e8f4b9d4d3ae8ef942d5,
        type: 3}
      propertyPath: m_Sprite
      value: 
      objectReference: {fileID: -6827795461487341258, guid: c946f53051328be4f90abb9a969f38f5,
        type: 3}
    m_RemovedComponents: []
  m_SourcePrefab: {fileID: 100100000, guid: 82c171509cb2e8f4b9d4d3ae8ef942d5, type: 3}
--- !u!1001 &7690448968920224072
PrefabInstance:
  m_ObjectHideFlags: 0
  serializedVersion: 2
  m_Modification:
    m_TransformParent: {fileID: 4191325294302163737}
    m_Modifications:
    - target: {fileID: 1962889693775016189, guid: 82c171509cb2e8f4b9d4d3ae8ef942d5,
        type: 3}
      propertyPath: m_Name
      value: GiantBones (4)
      objectReference: {fileID: 0}
    - target: {fileID: 3271526609578541806, guid: 82c171509cb2e8f4b9d4d3ae8ef942d5,
        type: 3}
      propertyPath: m_LocalPosition.x
      value: 3
      objectReference: {fileID: 0}
    - target: {fileID: 3271526609578541806, guid: 82c171509cb2e8f4b9d4d3ae8ef942d5,
        type: 3}
      propertyPath: m_LocalPosition.y
      value: 1.53
      objectReference: {fileID: 0}
    - target: {fileID: 3271526609578541806, guid: 82c171509cb2e8f4b9d4d3ae8ef942d5,
        type: 3}
      propertyPath: m_LocalPosition.z
      value: 4
      objectReference: {fileID: 0}
    - target: {fileID: 3271526609578541806, guid: 82c171509cb2e8f4b9d4d3ae8ef942d5,
        type: 3}
      propertyPath: m_LocalRotation.x
      value: 0
      objectReference: {fileID: 0}
    - target: {fileID: 3271526609578541806, guid: 82c171509cb2e8f4b9d4d3ae8ef942d5,
        type: 3}
      propertyPath: m_LocalRotation.y
      value: 0
      objectReference: {fileID: 0}
    - target: {fileID: 3271526609578541806, guid: 82c171509cb2e8f4b9d4d3ae8ef942d5,
        type: 3}
      propertyPath: m_LocalRotation.z
      value: 0
      objectReference: {fileID: 0}
    - target: {fileID: 3271526609578541806, guid: 82c171509cb2e8f4b9d4d3ae8ef942d5,
        type: 3}
      propertyPath: m_LocalRotation.w
      value: 1
      objectReference: {fileID: 0}
    - target: {fileID: 3271526609578541806, guid: 82c171509cb2e8f4b9d4d3ae8ef942d5,
        type: 3}
      propertyPath: m_RootOrder
      value: 11
      objectReference: {fileID: 0}
    - target: {fileID: 3271526609578541806, guid: 82c171509cb2e8f4b9d4d3ae8ef942d5,
        type: 3}
      propertyPath: m_LocalEulerAnglesHint.x
      value: 0
      objectReference: {fileID: 0}
    - target: {fileID: 3271526609578541806, guid: 82c171509cb2e8f4b9d4d3ae8ef942d5,
        type: 3}
      propertyPath: m_LocalEulerAnglesHint.y
      value: 0
      objectReference: {fileID: 0}
    - target: {fileID: 3271526609578541806, guid: 82c171509cb2e8f4b9d4d3ae8ef942d5,
        type: 3}
      propertyPath: m_LocalEulerAnglesHint.z
      value: 0
      objectReference: {fileID: 0}
    - target: {fileID: 3383458793537879376, guid: 82c171509cb2e8f4b9d4d3ae8ef942d5,
        type: 3}
      propertyPath: position.x
      value: 3
      objectReference: {fileID: 0}
    - target: {fileID: 3383458793537879376, guid: 82c171509cb2e8f4b9d4d3ae8ef942d5,
        type: 3}
      propertyPath: position.z
      value: 4
      objectReference: {fileID: 0}
    - target: {fileID: 6222529141751616561, guid: 82c171509cb2e8f4b9d4d3ae8ef942d5,
        type: 3}
      propertyPath: m_Sprite
      value: 
      objectReference: {fileID: -6827795461487341258, guid: c946f53051328be4f90abb9a969f38f5,
        type: 3}
    m_RemovedComponents: []
  m_SourcePrefab: {fileID: 100100000, guid: 82c171509cb2e8f4b9d4d3ae8ef942d5, type: 3}
--- !u!1001 &7853265213104149734
PrefabInstance:
  m_ObjectHideFlags: 0
  serializedVersion: 2
  m_Modification:
    m_TransformParent: {fileID: 0}
    m_Modifications:
    - target: {fileID: 5864339246155251415, guid: 3cc63f8833267ea47ade30562e71de56,
        type: 3}
      propertyPath: m_Name
      value: Orchard02_Level
      objectReference: {fileID: 0}
    - target: {fileID: 5864339246155251417, guid: 3cc63f8833267ea47ade30562e71de56,
        type: 3}
      propertyPath: m_LocalPosition.x
      value: 0
      objectReference: {fileID: 0}
    - target: {fileID: 5864339246155251417, guid: 3cc63f8833267ea47ade30562e71de56,
        type: 3}
      propertyPath: m_LocalPosition.y
      value: 0
      objectReference: {fileID: 0}
    - target: {fileID: 5864339246155251417, guid: 3cc63f8833267ea47ade30562e71de56,
        type: 3}
      propertyPath: m_LocalPosition.z
      value: 0
      objectReference: {fileID: 0}
    - target: {fileID: 5864339246155251417, guid: 3cc63f8833267ea47ade30562e71de56,
        type: 3}
      propertyPath: m_LocalRotation.x
      value: 0
      objectReference: {fileID: 0}
    - target: {fileID: 5864339246155251417, guid: 3cc63f8833267ea47ade30562e71de56,
        type: 3}
      propertyPath: m_LocalRotation.y
      value: 0
      objectReference: {fileID: 0}
    - target: {fileID: 5864339246155251417, guid: 3cc63f8833267ea47ade30562e71de56,
        type: 3}
      propertyPath: m_LocalRotation.z
      value: 0
      objectReference: {fileID: 0}
    - target: {fileID: 5864339246155251417, guid: 3cc63f8833267ea47ade30562e71de56,
        type: 3}
      propertyPath: m_LocalRotation.w
      value: 1
      objectReference: {fileID: 0}
    - target: {fileID: 5864339246155251417, guid: 3cc63f8833267ea47ade30562e71de56,
        type: 3}
      propertyPath: m_RootOrder
      value: 0
      objectReference: {fileID: 0}
    - target: {fileID: 5864339246155251417, guid: 3cc63f8833267ea47ade30562e71de56,
        type: 3}
      propertyPath: m_LocalEulerAnglesHint.x
      value: 0
      objectReference: {fileID: 0}
    - target: {fileID: 5864339246155251417, guid: 3cc63f8833267ea47ade30562e71de56,
        type: 3}
      propertyPath: m_LocalEulerAnglesHint.y
      value: 0
      objectReference: {fileID: 0}
    - target: {fileID: 5864339246155251417, guid: 3cc63f8833267ea47ade30562e71de56,
        type: 3}
      propertyPath: m_LocalEulerAnglesHint.z
      value: 0
      objectReference: {fileID: 0}
    m_RemovedComponents: []
  m_SourcePrefab: {fileID: 100100000, guid: 3cc63f8833267ea47ade30562e71de56, type: 3}
--- !u!4 &4191325294302163737 stripped
Transform:
  m_CorrespondingSourceObject: {fileID: 6257456172693727231, guid: 3cc63f8833267ea47ade30562e71de56,
    type: 3}
  m_PrefabInstance: {fileID: 7853265213104149734}
  m_PrefabAsset: {fileID: 0}
--- !u!1001 &8103978954845611120
PrefabInstance:
  m_ObjectHideFlags: 0
  serializedVersion: 2
  m_Modification:
    m_TransformParent: {fileID: 4191325294302163737}
    m_Modifications:
    - target: {fileID: 2116966748970400740, guid: 6e17ccbb1f9acec47919f6f88d334884,
        type: 3}
      propertyPath: m_Name
      value: PlateuMountain
      objectReference: {fileID: 0}
    - target: {fileID: 3115263690369616375, guid: 6e17ccbb1f9acec47919f6f88d334884,
        type: 3}
      propertyPath: m_LocalPosition.x
      value: 2
      objectReference: {fileID: 0}
    - target: {fileID: 3115263690369616375, guid: 6e17ccbb1f9acec47919f6f88d334884,
        type: 3}
      propertyPath: m_LocalPosition.y
      value: 0.9
      objectReference: {fileID: 0}
    - target: {fileID: 3115263690369616375, guid: 6e17ccbb1f9acec47919f6f88d334884,
        type: 3}
      propertyPath: m_LocalPosition.z
      value: 2
      objectReference: {fileID: 0}
    - target: {fileID: 3115263690369616375, guid: 6e17ccbb1f9acec47919f6f88d334884,
        type: 3}
      propertyPath: m_LocalRotation.x
      value: 0
      objectReference: {fileID: 0}
    - target: {fileID: 3115263690369616375, guid: 6e17ccbb1f9acec47919f6f88d334884,
        type: 3}
      propertyPath: m_LocalRotation.y
      value: -0
      objectReference: {fileID: 0}
    - target: {fileID: 3115263690369616375, guid: 6e17ccbb1f9acec47919f6f88d334884,
        type: 3}
      propertyPath: m_LocalRotation.z
      value: -0
      objectReference: {fileID: 0}
    - target: {fileID: 3115263690369616375, guid: 6e17ccbb1f9acec47919f6f88d334884,
        type: 3}
      propertyPath: m_LocalRotation.w
      value: 1
      objectReference: {fileID: 0}
    - target: {fileID: 3115263690369616375, guid: 6e17ccbb1f9acec47919f6f88d334884,
        type: 3}
      propertyPath: m_RootOrder
      value: 0
      objectReference: {fileID: 0}
    - target: {fileID: 3115263690369616375, guid: 6e17ccbb1f9acec47919f6f88d334884,
        type: 3}
      propertyPath: m_LocalEulerAnglesHint.x
      value: 0
      objectReference: {fileID: 0}
    - target: {fileID: 3115263690369616375, guid: 6e17ccbb1f9acec47919f6f88d334884,
        type: 3}
      propertyPath: m_LocalEulerAnglesHint.y
      value: 0
      objectReference: {fileID: 0}
    - target: {fileID: 3115263690369616375, guid: 6e17ccbb1f9acec47919f6f88d334884,
        type: 3}
      propertyPath: m_LocalEulerAnglesHint.z
      value: 0
      objectReference: {fileID: 0}
    - target: {fileID: 4318078953675389097, guid: 6e17ccbb1f9acec47919f6f88d334884,
        type: 3}
      propertyPath: position.x
      value: 2
      objectReference: {fileID: 0}
    - target: {fileID: 4318078953675389097, guid: 6e17ccbb1f9acec47919f6f88d334884,
        type: 3}
      propertyPath: position.z
      value: 2
      objectReference: {fileID: 0}
    m_RemovedComponents: []
  m_SourcePrefab: {fileID: 100100000, guid: 6e17ccbb1f9acec47919f6f88d334884, type: 3}
--- !u!1001 &8708278018338757415
PrefabInstance:
  m_ObjectHideFlags: 0
  serializedVersion: 2
  m_Modification:
    m_TransformParent: {fileID: 4191325294302163737}
    m_Modifications:
    - target: {fileID: 2116966748970400740, guid: 6e17ccbb1f9acec47919f6f88d334884,
        type: 3}
      propertyPath: m_Name
      value: PlateuMountain (5)
      objectReference: {fileID: 0}
    - target: {fileID: 3115263690369616375, guid: 6e17ccbb1f9acec47919f6f88d334884,
        type: 3}
      propertyPath: m_LocalPosition.x
      value: 7
      objectReference: {fileID: 0}
    - target: {fileID: 3115263690369616375, guid: 6e17ccbb1f9acec47919f6f88d334884,
        type: 3}
      propertyPath: m_LocalPosition.y
      value: 0.9
      objectReference: {fileID: 0}
    - target: {fileID: 3115263690369616375, guid: 6e17ccbb1f9acec47919f6f88d334884,
        type: 3}
      propertyPath: m_LocalPosition.z
      value: 2
      objectReference: {fileID: 0}
    - target: {fileID: 3115263690369616375, guid: 6e17ccbb1f9acec47919f6f88d334884,
        type: 3}
      propertyPath: m_LocalRotation.x
      value: 0
      objectReference: {fileID: 0}
    - target: {fileID: 3115263690369616375, guid: 6e17ccbb1f9acec47919f6f88d334884,
        type: 3}
      propertyPath: m_LocalRotation.y
      value: -0
      objectReference: {fileID: 0}
    - target: {fileID: 3115263690369616375, guid: 6e17ccbb1f9acec47919f6f88d334884,
        type: 3}
      propertyPath: m_LocalRotation.z
      value: -0
      objectReference: {fileID: 0}
    - target: {fileID: 3115263690369616375, guid: 6e17ccbb1f9acec47919f6f88d334884,
        type: 3}
      propertyPath: m_LocalRotation.w
      value: 1
      objectReference: {fileID: 0}
    - target: {fileID: 3115263690369616375, guid: 6e17ccbb1f9acec47919f6f88d334884,
        type: 3}
      propertyPath: m_RootOrder
      value: 5
      objectReference: {fileID: 0}
    - target: {fileID: 3115263690369616375, guid: 6e17ccbb1f9acec47919f6f88d334884,
        type: 3}
      propertyPath: m_LocalEulerAnglesHint.x
      value: 0
      objectReference: {fileID: 0}
    - target: {fileID: 3115263690369616375, guid: 6e17ccbb1f9acec47919f6f88d334884,
        type: 3}
      propertyPath: m_LocalEulerAnglesHint.y
      value: 0
      objectReference: {fileID: 0}
    - target: {fileID: 3115263690369616375, guid: 6e17ccbb1f9acec47919f6f88d334884,
        type: 3}
      propertyPath: m_LocalEulerAnglesHint.z
      value: 0
      objectReference: {fileID: 0}
    - target: {fileID: 4318078953675389097, guid: 6e17ccbb1f9acec47919f6f88d334884,
        type: 3}
      propertyPath: position.x
      value: 7
      objectReference: {fileID: 0}
    - target: {fileID: 4318078953675389097, guid: 6e17ccbb1f9acec47919f6f88d334884,
        type: 3}
      propertyPath: position.z
      value: 2
      objectReference: {fileID: 0}
    m_RemovedComponents: []
  m_SourcePrefab: {fileID: 100100000, guid: 6e17ccbb1f9acec47919f6f88d334884, type: 3}
--- !u!1001 &8895844939537862984
PrefabInstance:
  m_ObjectHideFlags: 0
  serializedVersion: 2
  m_Modification:
    m_TransformParent: {fileID: 4191325294302163737}
    m_Modifications:
    - target: {fileID: 2116966748970400740, guid: 6e17ccbb1f9acec47919f6f88d334884,
        type: 3}
      propertyPath: m_Name
      value: PlateuMountain (4)
      objectReference: {fileID: 0}
    - target: {fileID: 3115263690369616375, guid: 6e17ccbb1f9acec47919f6f88d334884,
        type: 3}
      propertyPath: m_LocalPosition.x
      value: 7
      objectReference: {fileID: 0}
    - target: {fileID: 3115263690369616375, guid: 6e17ccbb1f9acec47919f6f88d334884,
        type: 3}
      propertyPath: m_LocalPosition.y
      value: 0.9
      objectReference: {fileID: 0}
    - target: {fileID: 3115263690369616375, guid: 6e17ccbb1f9acec47919f6f88d334884,
        type: 3}
      propertyPath: m_LocalPosition.z
      value: 0
      objectReference: {fileID: 0}
    - target: {fileID: 3115263690369616375, guid: 6e17ccbb1f9acec47919f6f88d334884,
        type: 3}
      propertyPath: m_LocalRotation.x
      value: 0
      objectReference: {fileID: 0}
    - target: {fileID: 3115263690369616375, guid: 6e17ccbb1f9acec47919f6f88d334884,
        type: 3}
      propertyPath: m_LocalRotation.y
      value: -0
      objectReference: {fileID: 0}
    - target: {fileID: 3115263690369616375, guid: 6e17ccbb1f9acec47919f6f88d334884,
        type: 3}
      propertyPath: m_LocalRotation.z
      value: -0
      objectReference: {fileID: 0}
    - target: {fileID: 3115263690369616375, guid: 6e17ccbb1f9acec47919f6f88d334884,
        type: 3}
      propertyPath: m_LocalRotation.w
      value: 1
      objectReference: {fileID: 0}
    - target: {fileID: 3115263690369616375, guid: 6e17ccbb1f9acec47919f6f88d334884,
        type: 3}
      propertyPath: m_RootOrder
      value: 4
      objectReference: {fileID: 0}
    - target: {fileID: 3115263690369616375, guid: 6e17ccbb1f9acec47919f6f88d334884,
        type: 3}
      propertyPath: m_LocalEulerAnglesHint.x
      value: 0
      objectReference: {fileID: 0}
    - target: {fileID: 3115263690369616375, guid: 6e17ccbb1f9acec47919f6f88d334884,
        type: 3}
      propertyPath: m_LocalEulerAnglesHint.y
      value: 0
      objectReference: {fileID: 0}
    - target: {fileID: 3115263690369616375, guid: 6e17ccbb1f9acec47919f6f88d334884,
        type: 3}
      propertyPath: m_LocalEulerAnglesHint.z
      value: 0
      objectReference: {fileID: 0}
    - target: {fileID: 4318078953675389097, guid: 6e17ccbb1f9acec47919f6f88d334884,
        type: 3}
      propertyPath: position.x
      value: 7
      objectReference: {fileID: 0}
    m_RemovedComponents: []
  m_SourcePrefab: {fileID: 100100000, guid: 6e17ccbb1f9acec47919f6f88d334884, type: 3}
--- !u!1001 &8951607839582704698
PrefabInstance:
  m_ObjectHideFlags: 0
  serializedVersion: 2
  m_Modification:
    m_TransformParent: {fileID: 4191325294302163737}
    m_Modifications:
    - target: {fileID: 2116966748970400740, guid: 6e17ccbb1f9acec47919f6f88d334884,
        type: 3}
      propertyPath: m_Name
      value: PlateuMountain (6)
      objectReference: {fileID: 0}
    - target: {fileID: 3115263690369616375, guid: 6e17ccbb1f9acec47919f6f88d334884,
        type: 3}
      propertyPath: m_LocalPosition.x
      value: 7
      objectReference: {fileID: 0}
    - target: {fileID: 3115263690369616375, guid: 6e17ccbb1f9acec47919f6f88d334884,
        type: 3}
      propertyPath: m_LocalPosition.y
      value: 0.9
      objectReference: {fileID: 0}
    - target: {fileID: 3115263690369616375, guid: 6e17ccbb1f9acec47919f6f88d334884,
        type: 3}
      propertyPath: m_LocalPosition.z
      value: 7
      objectReference: {fileID: 0}
    - target: {fileID: 3115263690369616375, guid: 6e17ccbb1f9acec47919f6f88d334884,
        type: 3}
      propertyPath: m_LocalRotation.x
      value: 0
      objectReference: {fileID: 0}
    - target: {fileID: 3115263690369616375, guid: 6e17ccbb1f9acec47919f6f88d334884,
        type: 3}
      propertyPath: m_LocalRotation.y
      value: -0
      objectReference: {fileID: 0}
    - target: {fileID: 3115263690369616375, guid: 6e17ccbb1f9acec47919f6f88d334884,
        type: 3}
      propertyPath: m_LocalRotation.z
      value: -0
      objectReference: {fileID: 0}
    - target: {fileID: 3115263690369616375, guid: 6e17ccbb1f9acec47919f6f88d334884,
        type: 3}
      propertyPath: m_LocalRotation.w
      value: 1
      objectReference: {fileID: 0}
    - target: {fileID: 3115263690369616375, guid: 6e17ccbb1f9acec47919f6f88d334884,
        type: 3}
      propertyPath: m_RootOrder
      value: 6
      objectReference: {fileID: 0}
    - target: {fileID: 3115263690369616375, guid: 6e17ccbb1f9acec47919f6f88d334884,
        type: 3}
      propertyPath: m_LocalEulerAnglesHint.x
      value: 0
      objectReference: {fileID: 0}
    - target: {fileID: 3115263690369616375, guid: 6e17ccbb1f9acec47919f6f88d334884,
        type: 3}
      propertyPath: m_LocalEulerAnglesHint.y
      value: 0
      objectReference: {fileID: 0}
    - target: {fileID: 3115263690369616375, guid: 6e17ccbb1f9acec47919f6f88d334884,
        type: 3}
      propertyPath: m_LocalEulerAnglesHint.z
      value: 0
      objectReference: {fileID: 0}
    - target: {fileID: 4318078953675389097, guid: 6e17ccbb1f9acec47919f6f88d334884,
        type: 3}
      propertyPath: position.x
      value: 7
      objectReference: {fileID: 0}
    - target: {fileID: 4318078953675389097, guid: 6e17ccbb1f9acec47919f6f88d334884,
        type: 3}
      propertyPath: position.z
      value: 7
      objectReference: {fileID: 0}
    m_RemovedComponents: []
  m_SourcePrefab: {fileID: 100100000, guid: 6e17ccbb1f9acec47919f6f88d334884, type: 3}
--- !u!1001 &9085370334278201284
PrefabInstance:
  m_ObjectHideFlags: 0
  serializedVersion: 2
  m_Modification:
    m_TransformParent: {fileID: 4191325294302163737}
    m_Modifications:
    - target: {fileID: 1962889693775016189, guid: 82c171509cb2e8f4b9d4d3ae8ef942d5,
        type: 3}
      propertyPath: m_Name
      value: GiantBones
      objectReference: {fileID: 0}
    - target: {fileID: 3271526609578541806, guid: 82c171509cb2e8f4b9d4d3ae8ef942d5,
        type: 3}
      propertyPath: m_LocalPosition.x
      value: 3
      objectReference: {fileID: 0}
    - target: {fileID: 3271526609578541806, guid: 82c171509cb2e8f4b9d4d3ae8ef942d5,
        type: 3}
      propertyPath: m_LocalPosition.y
      value: 1.53
      objectReference: {fileID: 0}
    - target: {fileID: 3271526609578541806, guid: 82c171509cb2e8f4b9d4d3ae8ef942d5,
        type: 3}
      propertyPath: m_LocalPosition.z
      value: 0
      objectReference: {fileID: 0}
    - target: {fileID: 3271526609578541806, guid: 82c171509cb2e8f4b9d4d3ae8ef942d5,
        type: 3}
      propertyPath: m_LocalRotation.x
      value: 0
      objectReference: {fileID: 0}
    - target: {fileID: 3271526609578541806, guid: 82c171509cb2e8f4b9d4d3ae8ef942d5,
        type: 3}
      propertyPath: m_LocalRotation.y
      value: 0
      objectReference: {fileID: 0}
    - target: {fileID: 3271526609578541806, guid: 82c171509cb2e8f4b9d4d3ae8ef942d5,
        type: 3}
      propertyPath: m_LocalRotation.z
      value: 0
      objectReference: {fileID: 0}
    - target: {fileID: 3271526609578541806, guid: 82c171509cb2e8f4b9d4d3ae8ef942d5,
        type: 3}
      propertyPath: m_LocalRotation.w
      value: 1
      objectReference: {fileID: 0}
    - target: {fileID: 3271526609578541806, guid: 82c171509cb2e8f4b9d4d3ae8ef942d5,
        type: 3}
      propertyPath: m_RootOrder
      value: 7
      objectReference: {fileID: 0}
    - target: {fileID: 3271526609578541806, guid: 82c171509cb2e8f4b9d4d3ae8ef942d5,
        type: 3}
      propertyPath: m_LocalEulerAnglesHint.x
      value: 0
      objectReference: {fileID: 0}
    - target: {fileID: 3271526609578541806, guid: 82c171509cb2e8f4b9d4d3ae8ef942d5,
        type: 3}
      propertyPath: m_LocalEulerAnglesHint.y
      value: 0
      objectReference: {fileID: 0}
    - target: {fileID: 3271526609578541806, guid: 82c171509cb2e8f4b9d4d3ae8ef942d5,
        type: 3}
      propertyPath: m_LocalEulerAnglesHint.z
      value: 0
      objectReference: {fileID: 0}
    - target: {fileID: 3383458793537879376, guid: 82c171509cb2e8f4b9d4d3ae8ef942d5,
        type: 3}
      propertyPath: position.x
      value: 3
      objectReference: {fileID: 0}
    m_RemovedComponents: []
  m_SourcePrefab: {fileID: 100100000, guid: 82c171509cb2e8f4b9d4d3ae8ef942d5, type: 3}
