%YAML 1.1
%TAG !u! tag:unity3d.com,2011:
--- !u!1 &313031183116296394
GameObject:
  m_ObjectHideFlags: 0
  m_CorrespondingSourceObject: {fileID: 0}
  m_PrefabInstance: {fileID: 0}
  m_PrefabAsset: {fileID: 0}
  serializedVersion: 6
  m_Component:
  - component: {fileID: 3603801003365929689}
  - component: {fileID: 5717393755541973231}
  - component: {fileID: 2045982504490783766}
  - component: {fileID: 2509635115263239047}
  - component: {fileID: 8933603100926091630}
  - component: {fileID: 639579650009807454}
  - component: {fileID: 3463271336305174054}
  - component: {fileID: 7767002335490061937}
  - component: {fileID: 7905669049738624051}
  - component: {fileID: 45660045717661228}
  - component: {fileID: 8035155886095247020}
  - component: {fileID: 1772269178698027168}
  - component: {fileID: -8063881295251360719}
  m_Layer: 0
  m_Name: IceBerg01
  m_TagString: Untagged
  m_Icon: {fileID: 0}
  m_NavMeshLayer: 0
  m_StaticEditorFlags: 0
  m_IsActive: 1
--- !u!4 &3603801003365929689
Transform:
  m_ObjectHideFlags: 0
  m_CorrespondingSourceObject: {fileID: 0}
  m_PrefabInstance: {fileID: 0}
  m_PrefabAsset: {fileID: 0}
  m_GameObject: {fileID: 313031183116296394}
  m_LocalRotation: {x: 0, y: 0, z: 0, w: 1}
  m_LocalPosition: {x: 0, y: 0, z: 0}
  m_LocalScale: {x: 1, y: 1, z: 1}
  m_Children: []
  m_Father: {fileID: 0}
  m_RootOrder: 0
  m_LocalEulerAnglesHint: {x: 0, y: 0, z: 0}
--- !u!33 &5717393755541973231
MeshFilter:
  m_ObjectHideFlags: 0
  m_CorrespondingSourceObject: {fileID: 0}
  m_PrefabInstance: {fileID: 0}
  m_PrefabAsset: {fileID: 0}
  m_GameObject: {fileID: 313031183116296394}
  m_Mesh: {fileID: -7024906509006212010, guid: a6a126d6d325c0444a10c6112efcc4c7, type: 3}
--- !u!23 &2045982504490783766
MeshRenderer:
  m_ObjectHideFlags: 0
  m_CorrespondingSourceObject: {fileID: 0}
  m_PrefabInstance: {fileID: 0}
  m_PrefabAsset: {fileID: 0}
  m_GameObject: {fileID: 313031183116296394}
  m_Enabled: 1
  m_CastShadows: 1
  m_ReceiveShadows: 1
  m_DynamicOccludee: 1
  m_MotionVectors: 1
  m_LightProbeUsage: 1
  m_ReflectionProbeUsage: 1
  m_RenderingLayerMask: 1
  m_RendererPriority: 0
  m_Materials:
  - {fileID: 2100000, guid: 566ea904b9c9d924084f2aba5710fe83, type: 2}
  m_StaticBatchInfo:
    firstSubMesh: 0
    subMeshCount: 0
  m_StaticBatchRoot: {fileID: 0}
  m_ProbeAnchor: {fileID: 0}
  m_LightProbeVolumeOverride: {fileID: 0}
  m_ScaleInLightmap: 1
  m_PreserveUVs: 0
  m_IgnoreNormalsForChartDetection: 0
  m_ImportantGI: 0
  m_StitchLightmapSeams: 1
  m_SelectedEditorRenderState: 3
  m_MinimumChartSize: 4
  m_AutoUVMaxDistance: 0.5
  m_AutoUVMaxAngle: 89
  m_LightmapParameters: {fileID: 0}
  m_SortingLayerID: 0
  m_SortingLayer: 0
  m_SortingOrder: 0
--- !u!114 &2509635115263239047
MonoBehaviour:
  m_ObjectHideFlags: 0
  m_CorrespondingSourceObject: {fileID: 0}
  m_PrefabInstance: {fileID: 0}
  m_PrefabAsset: {fileID: 0}
  m_GameObject: {fileID: 313031183116296394}
  m_Enabled: 1
  m_EditorHideFlags: 0
  m_Script: {fileID: 11500000, guid: f976827fd716af846a44078cfaf91c60, type: 3}
  m_Name: 
  m_EditorClassIdentifier: 
  picture: {fileID: 21300000, guid: b592830633d7e85439e2f9bc4b75ad36, type: 3}
  health: {fileID: 8933603100926091630}
  unitsMap: {fileID: 11400000, guid: 024122fd87f04874fa052b9a6f013ead, type: 2}
  position:
    x: 0
    y: 0
    z: 0
  unitName: Ice Cube
  unitType: 3
  height: 1.2
  isAffectedByKnockback: 1
  actionsHandler: {fileID: 0}
  structureType: 0
  voFx: {fileID: 0}
  idleFx: {fileID: 0}
  stepsFx: {fileID: 0}
  WorldPosition:
    x: 0
    y: 0
    z: 0
  Description: Slides when pushed.
  OnDeathSound: {fileID: 0}
  crackedMesh: {fileID: -8063881295251360719}
--- !u!114 &8933603100926091630
MonoBehaviour:
  m_ObjectHideFlags: 0
  m_CorrespondingSourceObject: {fileID: 0}
  m_PrefabInstance: {fileID: 0}
  m_PrefabAsset: {fileID: 0}
  m_GameObject: {fileID: 313031183116296394}
  m_Enabled: 1
  m_EditorHideFlags: 0
  m_Script: {fileID: 11500000, guid: 589a0b71bb9467f498c82721c585ff04, type: 3}
  m_Name: 
  m_EditorClassIdentifier: 
  maxValue: 9999
  minValue: 0
  hitFx: {fileID: 639579650009807454}
  deadFx: {fileID: 639579650009807454}
--- !u!114 &639579650009807454
MonoBehaviour:
  m_ObjectHideFlags: 0
  m_CorrespondingSourceObject: {fileID: 0}
  m_PrefabInstance: {fileID: 0}
  m_PrefabAsset: {fileID: 0}
  m_GameObject: {fileID: 313031183116296394}
  m_Enabled: 1
  m_EditorHideFlags: 0
  m_Script: {fileID: 11500000, guid: a7427057b22ee8045a732ed3e9f160c4, type: 3}
  m_Name: 
  m_EditorClassIdentifier: 
  particles: {fileID: 3337710213594708624, guid: 393beac3fa461454da5d82177a5c5202,
    type: 3}
  particleSFX: 
  particlesDuration: 2
  destroyParticles: 1
  offset: 0.3
--- !u!65 &3463271336305174054
BoxCollider:
  m_ObjectHideFlags: 0
  m_CorrespondingSourceObject: {fileID: 0}
  m_PrefabInstance: {fileID: 0}
  m_PrefabAsset: {fileID: 0}
  m_GameObject: {fileID: 313031183116296394}
  m_Material: {fileID: 0}
  m_IsTrigger: 0
  m_Enabled: 1
  serializedVersion: 2
  m_Size: {x: 0.9429269, y: 1.2, z: 0.8166172}
  m_Center: {x: -0.0017111301, y: 0.7, z: -0.0104674995}
--- !u!114 &7767002335490061937
MonoBehaviour:
  m_ObjectHideFlags: 0
  m_CorrespondingSourceObject: {fileID: 0}
  m_PrefabInstance: {fileID: 0}
  m_PrefabAsset: {fileID: 0}
  m_GameObject: {fileID: 313031183116296394}
  m_Enabled: 1
  m_EditorHideFlags: 0
  m_Script: {fileID: 11500000, guid: a6eb9b8ad3e5d694e8fbf9e849fabeda, type: 3}
  m_Name: 
  m_EditorClassIdentifier: 
  health: {fileID: 8933603100926091630}
  _OnValueChanged:
    m_PersistentCalls:
      m_Calls:
      - m_Target: {fileID: 1772269178698027168}
        m_MethodName: ReduceSize
        m_Mode: 1
        m_Arguments:
          m_ObjectArgument: {fileID: 0}
          m_ObjectArgumentAssemblyTypeName: UnityEngine.Object, UnityEngine
          m_IntArgument: 0
          m_FloatArgument: 0
          m_StringArgument: 
          m_BoolArgument: 0
        m_CallState: 2
    m_TypeName: Edu.Vfs.RoboRapture.ScriptableLibrary.OnHealthValueChanged+UEvent_Float,
      Assembly-CSharp, Version=0.0.0.0, Culture=neutral, PublicKeyToken=null
--- !u!114 &7905669049738624051
MonoBehaviour:
  m_ObjectHideFlags: 0
  m_CorrespondingSourceObject: {fileID: 0}
  m_PrefabInstance: {fileID: 0}
  m_PrefabAsset: {fileID: 0}
  m_GameObject: {fileID: 313031183116296394}
  m_Enabled: 1
  m_EditorHideFlags: 0
  m_Script: {fileID: 11500000, guid: 6b622074e2a157a4d908ee8156d4dea6, type: 3}
  m_Name: 
  m_EditorClassIdentifier: 
  damageOnCollision: 1
--- !u!114 &45660045717661228
MonoBehaviour:
  m_ObjectHideFlags: 0
  m_CorrespondingSourceObject: {fileID: 0}
  m_PrefabInstance: {fileID: 0}
  m_PrefabAsset: {fileID: 0}
  m_GameObject: {fileID: 313031183116296394}
  m_Enabled: 1
  m_EditorHideFlags: 0
  m_Script: {fileID: 11500000, guid: f19b6e5385a2e734fb2786f32698fd47, type: 3}
  m_Name: 
  m_EditorClassIdentifier: 
  Decoration: {fileID: 11400000, guid: 04e589eda0925a04aa5091b0bb9ef619, type: 2}
  AppliedMaterials: []
  TileFinishedRapture: {fileID: 0}
  TileComponents:
  - {fileID: 2045982504490783766}
  TilePos:
    x: 0
    y: 0
    z: 0
  RaptureValues: []
  Seconds: 5
--- !u!114 &8035155886095247020
MonoBehaviour:
  m_ObjectHideFlags: 0
  m_CorrespondingSourceObject: {fileID: 0}
  m_PrefabInstance: {fileID: 0}
  m_PrefabAsset: {fileID: 0}
  m_GameObject: {fileID: 313031183116296394}
  m_Enabled: 1
  m_EditorHideFlags: 0
  m_Script: {fileID: 11500000, guid: 74365da3c027f984496e32e042120981, type: 3}
  m_Name: 
  m_EditorClassIdentifier: 
--- !u!114 &1772269178698027168
MonoBehaviour:
  m_ObjectHideFlags: 0
  m_CorrespondingSourceObject: {fileID: 0}
  m_PrefabInstance: {fileID: 0}
  m_PrefabAsset: {fileID: 0}
  m_GameObject: {fileID: 313031183116296394}
  m_Enabled: 1
  m_EditorHideFlags: 0
  m_Script: {fileID: 11500000, guid: 5c40cc07370ca9344a748bd6646acd13, type: 3}
  m_Name: 
  m_EditorClassIdentifier: 
  ReductionFactor: 0.2
  ReductionSpeed: 1
  Iterations: 3
  DestroyableBlocker: {fileID: 2509635115263239047}
--- !u!114 &-8063881295251360719
MonoBehaviour:
  m_ObjectHideFlags: 0
  m_CorrespondingSourceObject: {fileID: 0}
  m_PrefabInstance: {fileID: 0}
  m_PrefabAsset: {fileID: 0}
  m_GameObject: {fileID: 313031183116296394}
  m_Enabled: 1
  m_EditorHideFlags: 0
  m_Script: {fileID: 11500000, guid: 4a19aad8389905442b452392e88c967d, type: 3}
  m_Name: 
  m_EditorClassIdentifier: 
  crackedMesh: {fileID: -4315062543154382170, guid: 1d09219f4c8da3e4f901c5b6bbbb1915,
    type: 3}
