%YAML 1.1
%TAG !u! tag:unity3d.com,2011:
--- !u!1102 &-8724642064547652118
AnimatorState:
  serializedVersion: 5
  m_ObjectHideFlags: 1
  m_CorrespondingSourceObject: {fileID: 0}
  m_PrefabInstance: {fileID: 0}
  m_PrefabAsset: {fileID: 0}
  m_Name: Highlighted
  m_Speed: 1
  m_CycleOffset: 0
  m_Transitions:
  - {fileID: -2455296854785517303}
  m_StateMachineBehaviours: []
  m_Position: {x: 50, y: 50, z: 0}
  m_IKOnFeet: 0
  m_WriteDefaultValues: 1
  m_Mirror: 0
  m_SpeedParameterActive: 0
  m_MirrorParameterActive: 0
  m_CycleOffsetParameterActive: 0
  m_TimeParameterActive: 0
  m_Motion: {fileID: -8516225110639444904}
  m_Tag: 
  m_SpeedParameter: 
  m_MirrorParameter: 
  m_CycleOffsetParameter: 
  m_TimeParameter: 
--- !u!74 &-8516225110639444904
AnimationClip:
  m_ObjectHideFlags: 0
  m_CorrespondingSourceObject: {fileID: 0}
  m_PrefabInstance: {fileID: 0}
  m_PrefabAsset: {fileID: 0}
  m_Name: Highlighted
  serializedVersion: 6
  m_Legacy: 0
  m_Compressed: 0
  m_UseHighQualityCurve: 1
  m_RotationCurves: []
  m_CompressedRotationCurves: []
  m_EulerCurves: []
  m_PositionCurves: []
  m_ScaleCurves:
  - curve:
      serializedVersion: 2
      m_Curve:
      - serializedVersion: 3
        time: 0
        value: {x: 1.2, y: 1.2, z: 1.2}
        inSlope: {x: 0, y: 0, z: 0}
        outSlope: {x: 0, y: 0, z: 0}
        tangentMode: 0
        weightedMode: 0
        inWeight: {x: 0, y: 0.33333334, z: 0.33333334}
        outWeight: {x: 0, y: 0.33333334, z: 0.33333334}
      m_PreInfinity: 2
      m_PostInfinity: 2
      m_RotationOrder: 4
    path: 
  m_FloatCurves: []
  m_PPtrCurves: []
  m_SampleRate: 12
  m_WrapMode: 0
  m_Bounds:
    m_Center: {x: 0, y: 0, z: 0}
    m_Extent: {x: 0, y: 0, z: 0}
  m_ClipBindingConstant:
    genericBindings:
    - serializedVersion: 2
      path: 0
      attribute: 3
      script: {fileID: 0}
      typeID: 4
      customType: 0
      isPPtrCurve: 0
    pptrCurveMapping: []
  m_AnimationClipSettings:
    serializedVersion: 2
    m_AdditiveReferencePoseClip: {fileID: 0}
    m_AdditiveReferencePoseTime: 0
    m_StartTime: 0
    m_StopTime: 0
    m_OrientationOffsetY: 0
    m_Level: 0
    m_CycleOffset: 0
    m_HasAdditiveReferencePose: 0
    m_LoopTime: 0
    m_LoopBlend: 0
    m_LoopBlendOrientation: 0
    m_LoopBlendPositionY: 0
    m_LoopBlendPositionXZ: 0
    m_KeepOriginalOrientation: 0
    m_KeepOriginalPositionY: 1
    m_KeepOriginalPositionXZ: 0
    m_HeightFromFeet: 0
    m_Mirror: 0
  m_EditorCurves:
  - curve:
      serializedVersion: 2
      m_Curve:
      - serializedVersion: 3
        time: 0
        value: 1.2
        inSlope: 0
        outSlope: 0
        tangentMode: 136
        weightedMode: 0
        inWeight: 0
        outWeight: 0
      m_PreInfinity: 2
      m_PostInfinity: 2
      m_RotationOrder: 4
    attribute: m_LocalScale.x
    path: 
    classID: 224
    script: {fileID: 0}
  - curve:
      serializedVersion: 2
      m_Curve:
      - serializedVersion: 3
        time: 0
        value: 1.2
        inSlope: 0
        outSlope: 0
        tangentMode: 136
        weightedMode: 0
        inWeight: 0
        outWeight: 0
      m_PreInfinity: 2
      m_PostInfinity: 2
      m_RotationOrder: 4
    attribute: m_LocalScale.y
    path: 
    classID: 224
    script: {fileID: 0}
  - curve:
      serializedVersion: 2
      m_Curve:
      - serializedVersion: 3
        time: 0
        value: 1.2
        inSlope: 0
        outSlope: 0
        tangentMode: 136
        weightedMode: 0
        inWeight: 0
        outWeight: 0
      m_PreInfinity: 2
      m_PostInfinity: 2
      m_RotationOrder: 4
    attribute: m_LocalScale.z
    path: 
    classID: 224
    script: {fileID: 0}
  m_EulerEditorCurves: []
  m_HasGenericRootTransform: 0
  m_HasMotionFloatCurves: 0
  m_Events: []
--- !u!1101 &-8487246463371757557
AnimatorStateTransition:
  m_ObjectHideFlags: 1
  m_CorrespondingSourceObject: {fileID: 0}
  m_PrefabInstance: {fileID: 0}
  m_PrefabAsset: {fileID: 0}
  m_Name: 
  m_Conditions:
  - m_ConditionMode: 1
    m_ConditionEvent: Selected
    m_EventTreshold: 0
  m_DstStateMachine: {fileID: 0}
  m_DstState: {fileID: -7562780611515775144}
  m_Solo: 0
  m_Mute: 0
  m_IsExit: 0
  serializedVersion: 3
  m_TransitionDuration: 0.25
  m_TransitionOffset: 0
  m_ExitTime: 0.75
  m_HasExitTime: 0
  m_HasFixedDuration: 1
  m_InterruptionSource: 0
  m_OrderedInterruption: 1
  m_CanTransitionToSelf: 1
--- !u!1102 &-7562780611515775144
AnimatorState:
  serializedVersion: 5
  m_ObjectHideFlags: 1
  m_CorrespondingSourceObject: {fileID: 0}
  m_PrefabInstance: {fileID: 0}
  m_PrefabAsset: {fileID: 0}
  m_Name: Selected
  m_Speed: 1
  m_CycleOffset: 0
  m_Transitions: []
  m_StateMachineBehaviours: []
  m_Position: {x: 50, y: 50, z: 0}
  m_IKOnFeet: 0
  m_WriteDefaultValues: 1
  m_Mirror: 0
  m_SpeedParameterActive: 0
  m_MirrorParameterActive: 0
  m_CycleOffsetParameterActive: 0
  m_TimeParameterActive: 0
  m_Motion: {fileID: -6189998361398260535}
  m_Tag: 
  m_SpeedParameter: 
  m_MirrorParameter: 
  m_CycleOffsetParameter: 
  m_TimeParameter: 
--- !u!74 &-6189998361398260535
AnimationClip:
  m_ObjectHideFlags: 0
  m_CorrespondingSourceObject: {fileID: 0}
  m_PrefabInstance: {fileID: 0}
  m_PrefabAsset: {fileID: 0}
  m_Name: Selected
  serializedVersion: 6
  m_Legacy: 0
  m_Compressed: 0
  m_UseHighQualityCurve: 1
  m_RotationCurves: []
  m_CompressedRotationCurves: []
  m_EulerCurves: []
  m_PositionCurves: []
  m_ScaleCurves: []
  m_FloatCurves: []
  m_PPtrCurves: []
  m_SampleRate: 60
  m_WrapMode: 0
  m_Bounds:
    m_Center: {x: 0, y: 0, z: 0}
    m_Extent: {x: 0, y: 0, z: 0}
  m_ClipBindingConstant:
    genericBindings: []
    pptrCurveMapping: []
  m_AnimationClipSettings:
    serializedVersion: 2
    m_AdditiveReferencePoseClip: {fileID: 0}
    m_AdditiveReferencePoseTime: 0
    m_StartTime: 0
    m_StopTime: 1
    m_OrientationOffsetY: 0
    m_Level: 0
    m_CycleOffset: 0
    m_HasAdditiveReferencePose: 0
    m_LoopTime: 0
    m_LoopBlend: 0
    m_LoopBlendOrientation: 0
    m_LoopBlendPositionY: 0
    m_LoopBlendPositionXZ: 0
    m_KeepOriginalOrientation: 0
    m_KeepOriginalPositionY: 1
    m_KeepOriginalPositionXZ: 0
    m_HeightFromFeet: 0
    m_Mirror: 0
  m_EditorCurves: []
  m_EulerEditorCurves: []
  m_HasGenericRootTransform: 0
  m_HasMotionFloatCurves: 0
  m_Events: []
--- !u!1101 &-5911504791080856106
AnimatorStateTransition:
  m_ObjectHideFlags: 1
  m_CorrespondingSourceObject: {fileID: 0}
  m_PrefabInstance: {fileID: 0}
  m_PrefabAsset: {fileID: 0}
  m_Name: 
  m_Conditions: []
  m_DstStateMachine: {fileID: 0}
  m_DstState: {fileID: 7393999584004229786}
  m_Solo: 0
  m_Mute: 0
  m_IsExit: 0
  serializedVersion: 3
  m_TransitionDuration: 0
  m_TransitionOffset: 0
  m_ExitTime: 1
  m_HasExitTime: 1
  m_HasFixedDuration: 1
  m_InterruptionSource: 0
  m_OrderedInterruption: 1
  m_CanTransitionToSelf: 1
--- !u!1101 &-2455296854785517303
AnimatorStateTransition:
  m_ObjectHideFlags: 1
  m_CorrespondingSourceObject: {fileID: 0}
  m_PrefabInstance: {fileID: 0}
  m_PrefabAsset: {fileID: 0}
  m_Name: 
  m_Conditions:
  - m_ConditionMode: 1
    m_ConditionEvent: Normal
    m_EventTreshold: 0
  m_DstStateMachine: {fileID: 0}
  m_DstState: {fileID: 7393999584004229786}
  m_Solo: 0
  m_Mute: 0
  m_IsExit: 0
  serializedVersion: 3
  m_TransitionDuration: 0.1
  m_TransitionOffset: 0
  m_ExitTime: 0.75
  m_HasExitTime: 0
  m_HasFixedDuration: 0
  m_InterruptionSource: 0
  m_OrderedInterruption: 1
  m_CanTransitionToSelf: 1
--- !u!91 &9100000
AnimatorController:
  m_ObjectHideFlags: 0
  m_CorrespondingSourceObject: {fileID: 0}
  m_PrefabInstance: {fileID: 0}
  m_PrefabAsset: {fileID: 0}
  m_Name: BrutusActionButton1
  serializedVersion: 5
  m_AnimatorParameters:
  - m_Name: Normal
    m_Type: 9
    m_DefaultFloat: 0
    m_DefaultInt: 0
    m_DefaultBool: 0
    m_Controller: {fileID: 9100000}
  - m_Name: Highlighted
    m_Type: 9
    m_DefaultFloat: 0
    m_DefaultInt: 0
    m_DefaultBool: 0
    m_Controller: {fileID: 9100000}
  - m_Name: Pressed
    m_Type: 9
    m_DefaultFloat: 0
    m_DefaultInt: 0
    m_DefaultBool: 0
    m_Controller: {fileID: 9100000}
  - m_Name: Selected
    m_Type: 9
    m_DefaultFloat: 0
    m_DefaultInt: 0
    m_DefaultBool: 0
    m_Controller: {fileID: 9100000}
  - m_Name: Disabled
    m_Type: 9
    m_DefaultFloat: 0
    m_DefaultInt: 0
    m_DefaultBool: 0
    m_Controller: {fileID: 9100000}
  m_AnimatorLayers:
  - serializedVersion: 5
    m_Name: Base Layer
    m_StateMachine: {fileID: 1747354945595412618}
    m_Mask: {fileID: 0}
    m_Motions: []
    m_Behaviours: []
    m_BlendingMode: 0
    m_SyncedLayerIndex: -1
    m_DefaultWeight: 0
    m_IKPass: 0
    m_SyncedLayerAffectsTiming: 0
    m_Controller: {fileID: 9100000}
--- !u!1102 &634540198960121584
AnimatorState:
  serializedVersion: 5
  m_ObjectHideFlags: 1
  m_CorrespondingSourceObject: {fileID: 0}
  m_PrefabInstance: {fileID: 0}
  m_PrefabAsset: {fileID: 0}
  m_Name: GenericButton_Entry
  m_Speed: 1
  m_CycleOffset: 0
  m_Transitions:
  - {fileID: -5911504791080856106}
  m_StateMachineBehaviours: []
  m_Position: {x: 50, y: 50, z: 0}
  m_IKOnFeet: 0
  m_WriteDefaultValues: 1
  m_Mirror: 0
  m_SpeedParameterActive: 0
  m_MirrorParameterActive: 0
  m_CycleOffsetParameterActive: 0
  m_TimeParameterActive: 0
  m_Motion: {fileID: 7400000, guid: bc615f770060aa747ae3e295355b3b76, type: 2}
  m_Tag: 
  m_SpeedParameter: 
  m_MirrorParameter: 
  m_CycleOffsetParameter: 
  m_TimeParameter: 
--- !u!1102 &831303311048914288
AnimatorState:
  serializedVersion: 5
  m_ObjectHideFlags: 1
  m_CorrespondingSourceObject: {fileID: 0}
  m_PrefabInstance: {fileID: 0}
  m_PrefabAsset: {fileID: 0}
  m_Name: Pressed
  m_Speed: 1
  m_CycleOffset: 0
  m_Transitions: []
  m_StateMachineBehaviours: []
  m_Position: {x: 50, y: 50, z: 0}
  m_IKOnFeet: 0
  m_WriteDefaultValues: 1
  m_Mirror: 0
  m_SpeedParameterActive: 0
  m_MirrorParameterActive: 0
  m_CycleOffsetParameterActive: 0
  m_TimeParameterActive: 0
  m_Motion: {fileID: 1584816114431584350}
  m_Tag: 
  m_SpeedParameter: 
  m_MirrorParameter: 
  m_CycleOffsetParameter: 
  m_TimeParameter: 
--- !u!74 &1584816114431584350
AnimationClip:
  m_ObjectHideFlags: 0
  m_CorrespondingSourceObject: {fileID: 0}
  m_PrefabInstance: {fileID: 0}
  m_PrefabAsset: {fileID: 0}
  m_Name: Pressed
  serializedVersion: 6
  m_Legacy: 0
  m_Compressed: 0
  m_UseHighQualityCurve: 1
  m_RotationCurves: []
  m_CompressedRotationCurves: []
  m_EulerCurves: []
  m_PositionCurves: []
  m_ScaleCurves: []
  m_FloatCurves: []
  m_PPtrCurves: []
  m_SampleRate: 60
  m_WrapMode: 0
  m_Bounds:
    m_Center: {x: 0, y: 0, z: 0}
    m_Extent: {x: 0, y: 0, z: 0}
  m_ClipBindingConstant:
    genericBindings: []
    pptrCurveMapping: []
  m_AnimationClipSettings:
    serializedVersion: 2
    m_AdditiveReferencePoseClip: {fileID: 0}
    m_AdditiveReferencePoseTime: 0
    m_StartTime: 0
    m_StopTime: 1
    m_OrientationOffsetY: 0
    m_Level: 0
    m_CycleOffset: 0
    m_HasAdditiveReferencePose: 0
    m_LoopTime: 0
    m_LoopBlend: 0
    m_LoopBlendOrientation: 0
    m_LoopBlendPositionY: 0
    m_LoopBlendPositionXZ: 0
    m_KeepOriginalOrientation: 0
    m_KeepOriginalPositionY: 1
    m_KeepOriginalPositionXZ: 0
    m_HeightFromFeet: 0
    m_Mirror: 0
  m_EditorCurves: []
  m_EulerEditorCurves: []
  m_HasGenericRootTransform: 0
  m_HasMotionFloatCurves: 0
  m_Events: []
--- !u!1107 &1747354945595412618
AnimatorStateMachine:
  serializedVersion: 5
  m_ObjectHideFlags: 1
  m_CorrespondingSourceObject: {fileID: 0}
  m_PrefabInstance: {fileID: 0}
  m_PrefabAsset: {fileID: 0}
  m_Name: Base Layer
  m_ChildStates:
  - serializedVersion: 1
    m_State: {fileID: 7393999584004229786}
    m_Position: {x: 540, y: 440, z: 0}
  - serializedVersion: 1
    m_State: {fileID: -8724642064547652118}
    m_Position: {x: 480, y: 20, z: 0}
  - serializedVersion: 1
    m_State: {fileID: 831303311048914288}
    m_Position: {x: 250, y: 130, z: 0}
  - serializedVersion: 1
    m_State: {fileID: -7562780611515775144}
    m_Position: {x: 280, y: 200, z: 0}
  - serializedVersion: 1
    m_State: {fileID: 5272949582338801036}
    m_Position: {x: 320, y: 260, z: 0}
  - serializedVersion: 1
    m_State: {fileID: 634540198960121584}
    m_Position: {x: 20, y: 330, z: 0}
  m_ChildStateMachines: []
  m_AnyStateTransitions:
  - {fileID: 7911861202116367735}
  - {fileID: 7713338224702029956}
  - {fileID: -8487246463371757557}
  - {fileID: 5235754194387807304}
  m_EntryTransitions: []
  m_StateMachineTransitions: {}
  m_StateMachineBehaviours: []
  m_AnyStatePosition: {x: 50, y: 20, z: 0}
  m_EntryPosition: {x: 10, y: 210, z: 0}
  m_ExitPosition: {x: 800, y: 120, z: 0}
  m_ParentStateMachinePosition: {x: 800, y: 20, z: 0}
  m_DefaultState: {fileID: 634540198960121584}
--- !u!74 &1930481343779502638
AnimationClip:
  m_ObjectHideFlags: 0
  m_CorrespondingSourceObject: {fileID: 0}
  m_PrefabInstance: {fileID: 0}
  m_PrefabAsset: {fileID: 0}
  m_Name: Disabled
  serializedVersion: 6
  m_Legacy: 0
  m_Compressed: 0
  m_UseHighQualityCurve: 1
  m_RotationCurves: []
  m_CompressedRotationCurves: []
  m_EulerCurves: []
  m_PositionCurves: []
  m_ScaleCurves: []
  m_FloatCurves: []
  m_PPtrCurves: []
  m_SampleRate: 60
  m_WrapMode: 0
  m_Bounds:
    m_Center: {x: 0, y: 0, z: 0}
    m_Extent: {x: 0, y: 0, z: 0}
  m_ClipBindingConstant:
    genericBindings: []
    pptrCurveMapping: []
  m_AnimationClipSettings:
    serializedVersion: 2
    m_AdditiveReferencePoseClip: {fileID: 0}
    m_AdditiveReferencePoseTime: 0
    m_StartTime: 0
    m_StopTime: 1
    m_OrientationOffsetY: 0
    m_Level: 0
    m_CycleOffset: 0
    m_HasAdditiveReferencePose: 0
    m_LoopTime: 0
    m_LoopBlend: 0
    m_LoopBlendOrientation: 0
    m_LoopBlendPositionY: 0
    m_LoopBlendPositionXZ: 0
    m_KeepOriginalOrientation: 0
    m_KeepOriginalPositionY: 1
    m_KeepOriginalPositionXZ: 0
    m_HeightFromFeet: 0
    m_Mirror: 0
  m_EditorCurves: []
  m_EulerEditorCurves: []
  m_HasGenericRootTransform: 0
  m_HasMotionFloatCurves: 0
  m_Events: []
--- !u!1101 &5235754194387807304
AnimatorStateTransition:
  m_ObjectHideFlags: 1
  m_CorrespondingSourceObject: {fileID: 0}
  m_PrefabInstance: {fileID: 0}
  m_PrefabAsset: {fileID: 0}
  m_Name: 
  m_Conditions:
  - m_ConditionMode: 1
    m_ConditionEvent: Disabled
    m_EventTreshold: 0
  m_DstStateMachine: {fileID: 0}
  m_DstState: {fileID: 5272949582338801036}
  m_Solo: 0
  m_Mute: 0
  m_IsExit: 0
  serializedVersion: 3
  m_TransitionDuration: 0.25
  m_TransitionOffset: 0
  m_ExitTime: 0.75
  m_HasExitTime: 0
  m_HasFixedDuration: 1
  m_InterruptionSource: 0
  m_OrderedInterruption: 1
  m_CanTransitionToSelf: 1
--- !u!1102 &5272949582338801036
AnimatorState:
  serializedVersion: 5
  m_ObjectHideFlags: 1
  m_CorrespondingSourceObject: {fileID: 0}
  m_PrefabInstance: {fileID: 0}
  m_PrefabAsset: {fileID: 0}
  m_Name: Disabled
  m_Speed: 1
  m_CycleOffset: 0
  m_Transitions: []
  m_StateMachineBehaviours: []
  m_Position: {x: 50, y: 50, z: 0}
  m_IKOnFeet: 0
  m_WriteDefaultValues: 1
  m_Mirror: 0
  m_SpeedParameterActive: 0
  m_MirrorParameterActive: 0
  m_CycleOffsetParameterActive: 0
  m_TimeParameterActive: 0
  m_Motion: {fileID: 1930481343779502638}
  m_Tag: 
  m_SpeedParameter: 
  m_MirrorParameter: 
  m_CycleOffsetParameter: 
  m_TimeParameter: 
--- !u!74 &7280088906985306758
AnimationClip:
  m_ObjectHideFlags: 0
  m_CorrespondingSourceObject: {fileID: 0}
  m_PrefabInstance: {fileID: 0}
  m_PrefabAsset: {fileID: 0}
  m_Name: Normal
  serializedVersion: 6
  m_Legacy: 0
  m_Compressed: 0
  m_UseHighQualityCurve: 1
  m_RotationCurves: []
  m_CompressedRotationCurves: []
  m_EulerCurves: []
  m_PositionCurves: []
  m_ScaleCurves: []
  m_FloatCurves: []
  m_PPtrCurves: []
  m_SampleRate: 12
  m_WrapMode: 0
  m_Bounds:
    m_Center: {x: 0, y: 0, z: 0}
    m_Extent: {x: 0, y: 0, z: 0}
  m_ClipBindingConstant:
    genericBindings: []
    pptrCurveMapping: []
  m_AnimationClipSettings:
    serializedVersion: 2
    m_AdditiveReferencePoseClip: {fileID: 0}
    m_AdditiveReferencePoseTime: 0
    m_StartTime: 0
    m_StopTime: 1
    m_OrientationOffsetY: 0
    m_Level: 0
    m_CycleOffset: 0
    m_HasAdditiveReferencePose: 0
    m_LoopTime: 0
    m_LoopBlend: 0
    m_LoopBlendOrientation: 0
    m_LoopBlendPositionY: 0
    m_LoopBlendPositionXZ: 0
    m_KeepOriginalOrientation: 0
    m_KeepOriginalPositionY: 1
    m_KeepOriginalPositionXZ: 0
    m_HeightFromFeet: 0
    m_Mirror: 0
  m_EditorCurves: []
  m_EulerEditorCurves: []
  m_HasGenericRootTransform: 0
  m_HasMotionFloatCurves: 0
  m_Events: []
--- !u!1102 &7393999584004229786
AnimatorState:
  serializedVersion: 5
  m_ObjectHideFlags: 1
  m_CorrespondingSourceObject: {fileID: 0}
  m_PrefabInstance: {fileID: 0}
  m_PrefabAsset: {fileID: 0}
  m_Name: Normal
  m_Speed: 1
  m_CycleOffset: 0
  m_Transitions: []
  m_StateMachineBehaviours: []
  m_Position: {x: 50, y: 50, z: 0}
  m_IKOnFeet: 0
  m_WriteDefaultValues: 1
  m_Mirror: 0
  m_SpeedParameterActive: 0
  m_MirrorParameterActive: 0
  m_CycleOffsetParameterActive: 0
  m_TimeParameterActive: 0
  m_Motion: {fileID: 7280088906985306758}
  m_Tag: 
  m_SpeedParameter: 
  m_MirrorParameter: 
  m_CycleOffsetParameter: 
  m_TimeParameter: 
--- !u!1101 &7713338224702029956
AnimatorStateTransition:
  m_ObjectHideFlags: 1
  m_CorrespondingSourceObject: {fileID: 0}
  m_PrefabInstance: {fileID: 0}
  m_PrefabAsset: {fileID: 0}
  m_Name: 
  m_Conditions:
  - m_ConditionMode: 1
    m_ConditionEvent: Pressed
    m_EventTreshold: 0
  m_DstStateMachine: {fileID: 0}
  m_DstState: {fileID: 831303311048914288}
  m_Solo: 0
  m_Mute: 0
  m_IsExit: 0
  serializedVersion: 3
  m_TransitionDuration: 0.25
  m_TransitionOffset: 0
  m_ExitTime: 0.75
  m_HasExitTime: 0
  m_HasFixedDuration: 1
  m_InterruptionSource: 0
  m_OrderedInterruption: 1
  m_CanTransitionToSelf: 1
--- !u!1101 &7911861202116367735
AnimatorStateTransition:
  m_ObjectHideFlags: 1
  m_CorrespondingSourceObject: {fileID: 0}
  m_PrefabInstance: {fileID: 0}
  m_PrefabAsset: {fileID: 0}
  m_Name: 
  m_Conditions:
  - m_ConditionMode: 1
    m_ConditionEvent: Highlighted
    m_EventTreshold: 0
  m_DstStateMachine: {fileID: 0}
  m_DstState: {fileID: -8724642064547652118}
  m_Solo: 0
  m_Mute: 0
  m_IsExit: 0
  serializedVersion: 3
  m_TransitionDuration: 0.25
  m_TransitionOffset: 0
  m_ExitTime: 0.75
  m_HasExitTime: 0
  m_HasFixedDuration: 1
  m_InterruptionSource: 0
  m_OrderedInterruption: 1
  m_CanTransitionToSelf: 1
