%YAML 1.1
%TAG !u! tag:unity3d.com,2011:
--- !u!1 &2342694576128697201
GameObject:
  m_ObjectHideFlags: 0
  m_CorrespondingSourceObject: {fileID: 0}
  m_PrefabInstance: {fileID: 0}
  m_PrefabAsset: {fileID: 0}
  serializedVersion: 6
  m_Component:
  - component: {fileID: 4412115272403350545}
  - component: {fileID: 646863813649190003}
  m_Layer: 5
  m_Name: ParticlesForceField
  m_TagString: Untagged
  m_Icon: {fileID: -964228994112308473, guid: 0000000000000000d000000000000000, type: 0}
  m_NavMeshLayer: 0
  m_StaticEditorFlags: 0
  m_IsActive: 1
--- !u!4 &4412115272403350545
Transform:
  m_ObjectHideFlags: 0
  m_CorrespondingSourceObject: {fileID: 0}
  m_PrefabInstance: {fileID: 0}
  m_PrefabAsset: {fileID: 0}
  m_GameObject: {fileID: 2342694576128697201}
  m_LocalRotation: {x: 0, y: 0, z: 0, w: 1}
  m_LocalPosition: {x: -4.81, y: -1.56, z: 6.72}
  m_LocalScale: {x: 1, y: 1, z: 1}
  m_Children:
  - {fileID: 8076259744154027991}
  m_Father: {fileID: 3806059041962102231}
  m_RootOrder: 0
  m_LocalEulerAnglesHint: {x: 0, y: 0, z: 0}
--- !u!330 &646863813649190003
ParticleSystemForceField:
  m_ObjectHideFlags: 0
  m_CorrespondingSourceObject: {fileID: 0}
  m_PrefabInstance: {fileID: 0}
  m_PrefabAsset: {fileID: 0}
  m_GameObject: {fileID: 2342694576128697201}
  m_Enabled: 1
  m_Parameters:
    m_Shape: 3
    m_StartRange: 0.15
    m_EndRange: 19.082127
    m_Length: 1
    m_GravityFocus: 0.02
    m_RotationRandomness: {x: 0, y: 0}
    m_DirectionCurveX:
      serializedVersion: 2
      minMaxState: 0
      scalar: 0
      minScalar: 0
      maxCurve:
        serializedVersion: 2
        m_Curve:
        - serializedVersion: 3
          time: 0
          value: 0
          inSlope: 0
          outSlope: 0
          tangentMode: 0
          weightedMode: 0
          inWeight: 0.33333334
          outWeight: 0.33333334
        - serializedVersion: 3
          time: 1
          value: 0
          inSlope: 0
          outSlope: 0
          tangentMode: 0
          weightedMode: 0
          inWeight: 0.33333334
          outWeight: 0.33333334
        m_PreInfinity: 2
        m_PostInfinity: 2
        m_RotationOrder: 4
      minCurve:
        serializedVersion: 2
        m_Curve:
        - serializedVersion: 3
          time: 0
          value: 0
          inSlope: 0
          outSlope: 0
          tangentMode: 0
          weightedMode: 0
          inWeight: 0.33333334
          outWeight: 0.33333334
        - serializedVersion: 3
          time: 1
          value: 0
          inSlope: 0
          outSlope: 0
          tangentMode: 0
          weightedMode: 0
          inWeight: 0.33333334
          outWeight: 0.33333334
        m_PreInfinity: 2
        m_PostInfinity: 2
        m_RotationOrder: 4
    m_DirectionCurveY:
      serializedVersion: 2
      minMaxState: 0
      scalar: 0
      minScalar: 0
      maxCurve:
        serializedVersion: 2
        m_Curve:
        - serializedVersion: 3
          time: 0
          value: 0
          inSlope: 0
          outSlope: 0
          tangentMode: 0
          weightedMode: 0
          inWeight: 0.33333334
          outWeight: 0.33333334
        - serializedVersion: 3
          time: 1
          value: 0
          inSlope: 0
          outSlope: 0
          tangentMode: 0
          weightedMode: 0
          inWeight: 0.33333334
          outWeight: 0.33333334
        m_PreInfinity: 2
        m_PostInfinity: 2
        m_RotationOrder: 4
      minCurve:
        serializedVersion: 2
        m_Curve:
        - serializedVersion: 3
          time: 0
          value: 0
          inSlope: 0
          outSlope: 0
          tangentMode: 0
          weightedMode: 0
          inWeight: 0.33333334
          outWeight: 0.33333334
        - serializedVersion: 3
          time: 1
          value: 0
          inSlope: 0
          outSlope: 0
          tangentMode: 0
          weightedMode: 0
          inWeight: 0.33333334
          outWeight: 0.33333334
        m_PreInfinity: 2
        m_PostInfinity: 2
        m_RotationOrder: 4
    m_DirectionCurveZ:
      serializedVersion: 2
      minMaxState: 0
      scalar: 0
      minScalar: 0
      maxCurve:
        serializedVersion: 2
        m_Curve:
        - serializedVersion: 3
          time: 0
          value: 0
          inSlope: 0
          outSlope: 0
          tangentMode: 0
          weightedMode: 0
          inWeight: 0.33333334
          outWeight: 0.33333334
        - serializedVersion: 3
          time: 1
          value: 0
          inSlope: 0
          outSlope: 0
          tangentMode: 0
          weightedMode: 0
          inWeight: 0.33333334
          outWeight: 0.33333334
        m_PreInfinity: 2
        m_PostInfinity: 2
        m_RotationOrder: 4
      minCurve:
        serializedVersion: 2
        m_Curve:
        - serializedVersion: 3
          time: 0
          value: 0
          inSlope: 0
          outSlope: 0
          tangentMode: 0
          weightedMode: 0
          inWeight: 0.33333334
          outWeight: 0.33333334
        - serializedVersion: 3
          time: 1
          value: 0
          inSlope: 0
          outSlope: 0
          tangentMode: 0
          weightedMode: 0
          inWeight: 0.33333334
          outWeight: 0.33333334
        m_PreInfinity: 2
        m_PostInfinity: 2
        m_RotationOrder: 4
    m_GravityCurve:
      serializedVersion: 2
      minMaxState: 0
      scalar: 1
      minScalar: 1
      maxCurve:
        serializedVersion: 2
        m_Curve:
        - serializedVersion: 3
          time: 0
          value: 1
          inSlope: 0
          outSlope: 0
          tangentMode: 0
          weightedMode: 0
          inWeight: 0.33333334
          outWeight: 0.33333334
        - serializedVersion: 3
          time: 1
          value: 1
          inSlope: 0
          outSlope: 0
          tangentMode: 0
          weightedMode: 0
          inWeight: 0.33333334
          outWeight: 0.33333334
        m_PreInfinity: 2
        m_PostInfinity: 2
        m_RotationOrder: 4
      minCurve:
        serializedVersion: 2
        m_Curve:
        - serializedVersion: 3
          time: 0
          value: 1
          inSlope: 0
          outSlope: 0
          tangentMode: 0
          weightedMode: 0
          inWeight: 0.33333334
          outWeight: 0.33333334
        - serializedVersion: 3
          time: 1
          value: 1
          inSlope: 0
          outSlope: 0
          tangentMode: 0
          weightedMode: 0
          inWeight: 0.33333334
          outWeight: 0.33333334
        m_PreInfinity: 2
        m_PostInfinity: 2
        m_RotationOrder: 4
    m_RotationSpeedCurve:
      serializedVersion: 2
      minMaxState: 0
      scalar: 0
      minScalar: 0
      maxCurve:
        serializedVersion: 2
        m_Curve:
        - serializedVersion: 3
          time: 0
          value: 0
          inSlope: 0
          outSlope: 0
          tangentMode: 0
          weightedMode: 0
          inWeight: 0.33333334
          outWeight: 0.33333334
        - serializedVersion: 3
          time: 1
          value: 0
          inSlope: 0
          outSlope: 0
          tangentMode: 0
          weightedMode: 0
          inWeight: 0.33333334
          outWeight: 0.33333334
        m_PreInfinity: 2
        m_PostInfinity: 2
        m_RotationOrder: 4
      minCurve:
        serializedVersion: 2
        m_Curve:
        - serializedVersion: 3
          time: 0
          value: 0
          inSlope: 0
          outSlope: 0
          tangentMode: 0
          weightedMode: 0
          inWeight: 0.33333334
          outWeight: 0.33333334
        - serializedVersion: 3
          time: 1
          value: 0
          inSlope: 0
          outSlope: 0
          tangentMode: 0
          weightedMode: 0
          inWeight: 0.33333334
          outWeight: 0.33333334
        m_PreInfinity: 2
        m_PostInfinity: 2
        m_RotationOrder: 4
    m_RotationAttractionCurve:
      serializedVersion: 2
      minMaxState: 0
      scalar: 0
      minScalar: 0
      maxCurve:
        serializedVersion: 2
        m_Curve:
        - serializedVersion: 3
          time: 0
          value: 0
          inSlope: 0
          outSlope: 0
          tangentMode: 0
          weightedMode: 0
          inWeight: 0.33333334
          outWeight: 0.33333334
        - serializedVersion: 3
          time: 1
          value: 0
          inSlope: 0
          outSlope: 0
          tangentMode: 0
          weightedMode: 0
          inWeight: 0.33333334
          outWeight: 0.33333334
        m_PreInfinity: 2
        m_PostInfinity: 2
        m_RotationOrder: 4
      minCurve:
        serializedVersion: 2
        m_Curve:
        - serializedVersion: 3
          time: 0
          value: 0
          inSlope: 0
          outSlope: 0
          tangentMode: 0
          weightedMode: 0
          inWeight: 0.33333334
          outWeight: 0.33333334
        - serializedVersion: 3
          time: 1
          value: 0
          inSlope: 0
          outSlope: 0
          tangentMode: 0
          weightedMode: 0
          inWeight: 0.33333334
          outWeight: 0.33333334
        m_PreInfinity: 2
        m_PostInfinity: 2
        m_RotationOrder: 4
    m_DragCurve:
      serializedVersion: 2
      minMaxState: 0
      scalar: 2
      minScalar: 0
      maxCurve:
        serializedVersion: 2
        m_Curve:
        - serializedVersion: 3
          time: 0
          value: 0
          inSlope: 0
          outSlope: 0
          tangentMode: 0
          weightedMode: 0
          inWeight: 0.33333334
          outWeight: 0.33333334
        - serializedVersion: 3
          time: 1
          value: 0
          inSlope: 0
          outSlope: 0
          tangentMode: 0
          weightedMode: 0
          inWeight: 0.33333334
          outWeight: 0.33333334
        m_PreInfinity: 2
        m_PostInfinity: 2
        m_RotationOrder: 4
      minCurve:
        serializedVersion: 2
        m_Curve:
        - serializedVersion: 3
          time: 0
          value: 0
          inSlope: 0
          outSlope: 0
          tangentMode: 0
          weightedMode: 0
          inWeight: 0.33333334
          outWeight: 0.33333334
        - serializedVersion: 3
          time: 1
          value: 0
          inSlope: 0
          outSlope: 0
          tangentMode: 0
          weightedMode: 0
          inWeight: 0.33333334
          outWeight: 0.33333334
        m_PreInfinity: 2
        m_PostInfinity: 2
        m_RotationOrder: 4
    m_VectorField: {fileID: 0}
    m_VectorFieldSpeedCurve:
      serializedVersion: 2
      minMaxState: 0
      scalar: 1
      minScalar: 1
      maxCurve:
        serializedVersion: 2
        m_Curve:
        - serializedVersion: 3
          time: 0
          value: 1
          inSlope: 0
          outSlope: 0
          tangentMode: 0
          weightedMode: 0
          inWeight: 0.33333334
          outWeight: 0.33333334
        - serializedVersion: 3
          time: 1
          value: 1
          inSlope: 0
          outSlope: 0
          tangentMode: 0
          weightedMode: 0
          inWeight: 0.33333334
          outWeight: 0.33333334
        m_PreInfinity: 2
        m_PostInfinity: 2
        m_RotationOrder: 4
      minCurve:
        serializedVersion: 2
        m_Curve:
        - serializedVersion: 3
          time: 0
          value: 1
          inSlope: 0
          outSlope: 0
          tangentMode: 0
          weightedMode: 0
          inWeight: 0.33333334
          outWeight: 0.33333334
        - serializedVersion: 3
          time: 1
          value: 1
          inSlope: 0
          outSlope: 0
          tangentMode: 0
          weightedMode: 0
          inWeight: 0.33333334
          outWeight: 0.33333334
        m_PreInfinity: 2
        m_PostInfinity: 2
        m_RotationOrder: 4
    m_VectorFieldAttractionCurve:
      serializedVersion: 2
      minMaxState: 0
      scalar: 0
      minScalar: 0
      maxCurve:
        serializedVersion: 2
        m_Curve:
        - serializedVersion: 3
          time: 0
          value: 0
          inSlope: 0
          outSlope: 0
          tangentMode: 0
          weightedMode: 0
          inWeight: 0.33333334
          outWeight: 0.33333334
        - serializedVersion: 3
          time: 1
          value: 0
          inSlope: 0
          outSlope: 0
          tangentMode: 0
          weightedMode: 0
          inWeight: 0.33333334
          outWeight: 0.33333334
        m_PreInfinity: 2
        m_PostInfinity: 2
        m_RotationOrder: 4
      minCurve:
        serializedVersion: 2
        m_Curve:
        - serializedVersion: 3
          time: 0
          value: 0
          inSlope: 0
          outSlope: 0
          tangentMode: 0
          weightedMode: 0
          inWeight: 0.33333334
          outWeight: 0.33333334
        - serializedVersion: 3
          time: 1
          value: 0
          inSlope: 0
          outSlope: 0
          tangentMode: 0
          weightedMode: 0
          inWeight: 0.33333334
          outWeight: 0.33333334
        m_PreInfinity: 2
        m_PostInfinity: 2
        m_RotationOrder: 4
    m_MultiplyDragByParticleSize: 1
    m_MultiplyDragByParticleVelocity: 1
--- !u!1 &3806059041962102230
GameObject:
  m_ObjectHideFlags: 0
  m_CorrespondingSourceObject: {fileID: 0}
  m_PrefabInstance: {fileID: 0}
  m_PrefabAsset: {fileID: 0}
  serializedVersion: 6
  m_Component:
  - component: {fileID: 3806059041962102231}
  - component: {fileID: 3806059041962102216}
  m_Layer: 0
  m_Name: GameplayCameraTrackerObject
  m_TagString: Untagged
  m_Icon: {fileID: 0}
  m_NavMeshLayer: 0
  m_StaticEditorFlags: 0
  m_IsActive: 1
--- !u!4 &3806059041962102231
Transform:
  m_ObjectHideFlags: 0
  m_CorrespondingSourceObject: {fileID: 0}
  m_PrefabInstance: {fileID: 0}
  m_PrefabAsset: {fileID: 0}
  m_GameObject: {fileID: 3806059041962102230}
  m_LocalRotation: {x: 0, y: 0, z: 0, w: 1}
  m_LocalPosition: {x: -4.75, y: 12, z: -4.75}
  m_LocalScale: {x: 1, y: 1, z: 1}
  m_Children:
  - {fileID: 4412115272403350545}
  m_Father: {fileID: 0}
  m_RootOrder: 0
  m_LocalEulerAnglesHint: {x: 0, y: 0, z: 0}
--- !u!114 &3806059041962102216
MonoBehaviour:
  m_ObjectHideFlags: 0
  m_CorrespondingSourceObject: {fileID: 0}
  m_PrefabInstance: {fileID: 0}
  m_PrefabAsset: {fileID: 0}
  m_GameObject: {fileID: 3806059041962102230}
  m_Enabled: 1
  m_EditorHideFlags: 0
  m_Script: {fileID: 11500000, guid: cefad779828946e4bb22436cea4a4c63, type: 3}
  m_Name: 
  m_EditorClassIdentifier: 
  initialPosition: {x: -4.5, y: 12, z: -3.5}
  cameraStep: {x: 1, y: 0, z: 0}
  PanSpeed: 0.5
  StopDuration: 5
  PanDistance: 50
  PanAmount: 5
--- !u!1 &8941585475983842034
GameObject:
  m_ObjectHideFlags: 0
  m_CorrespondingSourceObject: {fileID: 0}
  m_PrefabInstance: {fileID: 0}
  m_PrefabAsset: {fileID: 0}
  serializedVersion: 6
  m_Component:
  - component: {fileID: 8076259744154027991}
  - component: {fileID: 5183547258429715009}
  - component: {fileID: 4827046143251514195}
  - component: {fileID: 4647201630983662134}
  - component: {fileID: 3806059043429043005}
  m_Layer: 5
  m_Name: XPUpdater
  m_TagString: Untagged
  m_Icon: {fileID: 0}
  m_NavMeshLayer: 0
  m_StaticEditorFlags: 0
  m_IsActive: 1
--- !u!4 &8076259744154027991
Transform:
  m_ObjectHideFlags: 0
  m_CorrespondingSourceObject: {fileID: 0}
  m_PrefabInstance: {fileID: 0}
  m_PrefabAsset: {fileID: 0}
  m_GameObject: {fileID: 8941585475983842034}
  m_LocalRotation: {x: -0.00000000745058, y: -0.38268274, z: -0.00000000372529, w: 0.92387986}
  m_LocalPosition: {x: -0.095, y: 0.00000047683716, z: 0.056}
  m_LocalScale: {x: 1.4831647, y: 1.4831647, z: 1.4831647}
  m_Children: []
  m_Father: {fileID: 4412115272403350545}
  m_RootOrder: 0
  m_LocalEulerAnglesHint: {x: 0, y: -45.000004, z: 0}
--- !u!33 &5183547258429715009
MeshFilter:
  m_ObjectHideFlags: 0
  m_CorrespondingSourceObject: {fileID: 0}
  m_PrefabInstance: {fileID: 0}
  m_PrefabAsset: {fileID: 0}
  m_GameObject: {fileID: 8941585475983842034}
  m_Mesh: {fileID: 10202, guid: 0000000000000000e000000000000000, type: 0}
--- !u!23 &4827046143251514195
MeshRenderer:
  m_ObjectHideFlags: 0
  m_CorrespondingSourceObject: {fileID: 0}
  m_PrefabInstance: {fileID: 0}
  m_PrefabAsset: {fileID: 0}
  m_GameObject: {fileID: 8941585475983842034}
  m_Enabled: 0
  m_CastShadows: 1
  m_ReceiveShadows: 1
  m_DynamicOccludee: 1
  m_MotionVectors: 1
  m_LightProbeUsage: 1
  m_ReflectionProbeUsage: 1
  m_RenderingLayerMask: 1
  m_RendererPriority: 0
  m_Materials:
  - {fileID: 2100000, guid: 31321ba15b8f8eb4c954353edc038b1d, type: 2}
  m_StaticBatchInfo:
    firstSubMesh: 0
    subMeshCount: 0
  m_StaticBatchRoot: {fileID: 0}
  m_ProbeAnchor: {fileID: 0}
  m_LightProbeVolumeOverride: {fileID: 0}
  m_ScaleInLightmap: 1
  m_PreserveUVs: 0
  m_IgnoreNormalsForChartDetection: 0
  m_ImportantGI: 0
  m_StitchLightmapSeams: 1
  m_SelectedEditorRenderState: 3
  m_MinimumChartSize: 4
  m_AutoUVMaxDistance: 0.5
  m_AutoUVMaxAngle: 89
  m_LightmapParameters: {fileID: 0}
  m_SortingLayerID: 0
  m_SortingLayer: 0
  m_SortingOrder: 0
--- !u!65 &4647201630983662134
BoxCollider:
  m_ObjectHideFlags: 0
  m_CorrespondingSourceObject: {fileID: 0}
  m_PrefabInstance: {fileID: 0}
  m_PrefabAsset: {fileID: 0}
  m_GameObject: {fileID: 8941585475983842034}
  m_Material: {fileID: 0}
  m_IsTrigger: 0
  m_Enabled: 1
  serializedVersion: 2
  m_Size: {x: 1, y: 1, z: 1}
  m_Center: {x: 0, y: 0, z: 0}
--- !u!114 &3806059043429043005
MonoBehaviour:
  m_ObjectHideFlags: 0
  m_CorrespondingSourceObject: {fileID: 0}
  m_PrefabInstance: {fileID: 0}
  m_PrefabAsset: {fileID: 0}
  m_GameObject: {fileID: 8941585475983842034}
  m_Enabled: 1
  m_EditorHideFlags: 0
  m_Script: {fileID: 11500000, guid: 37e20e36c1beaaf42982eb5e2fc9c8cd, type: 3}
  m_Name: 
  m_EditorClassIdentifier: 
