%YAML 1.1
%TAG !u! tag:unity3d.com,2011:
--- !u!1 &7750531288870525403
GameObject:
  m_ObjectHideFlags: 0
  m_CorrespondingSourceObject: {fileID: 0}
  m_PrefabInstance: {fileID: 0}
  m_PrefabAsset: {fileID: 0}
  serializedVersion: 6
  m_Component:
  - component: {fileID: 6761084999748512712}
  - component: {fileID: 2346151394810286590}
  - component: {fileID: 8337215314961870087}
  - component: {fileID: 5549407535006833302}
  - component: {fileID: 1454099349044648063}
  - component: {fileID: 7437493964423217999}
  - component: {fileID: 6901614666773618487}
  - component: {fileID: 296842225619980128}
  - component: {fileID: -490457540940860313}
  - component: {fileID: 656610709149776595}
  - component: {fileID: 8839912048788451028}
  - component: {fileID: 5657840393084532290}
  - component: {fileID: -9030727810740443013}
  m_Layer: 0
  m_Name: MountainQuagmireOnePiece
  m_TagString: Untagged
  m_Icon: {fileID: 0}
  m_NavMeshLayer: 0
  m_StaticEditorFlags: 0
  m_IsActive: 1
--- !u!4 &6761084999748512712
Transform:
  m_ObjectHideFlags: 0
  m_CorrespondingSourceObject: {fileID: 0}
  m_PrefabInstance: {fileID: 0}
  m_PrefabAsset: {fileID: 0}
  m_GameObject: {fileID: 7750531288870525403}
  m_LocalRotation: {x: 0, y: 0, z: 0, w: 1}
  m_LocalPosition: {x: 0, y: 0, z: 0}
  m_LocalScale: {x: 1, y: 1.4, z: 1}
  m_Children: []
  m_Father: {fileID: 0}
  m_RootOrder: 0
  m_LocalEulerAnglesHint: {x: 0, y: 0, z: 0}
--- !u!33 &2346151394810286590
MeshFilter:
  m_ObjectHideFlags: 0
  m_CorrespondingSourceObject: {fileID: 0}
  m_PrefabInstance: {fileID: 0}
  m_PrefabAsset: {fileID: 0}
  m_GameObject: {fileID: 7750531288870525403}
  m_Mesh: {fileID: 4439104878211572642, guid: 705e9878ef8220246b24a8fc302451ef, type: 3}
--- !u!23 &8337215314961870087
MeshRenderer:
  m_ObjectHideFlags: 0
  m_CorrespondingSourceObject: {fileID: 0}
  m_PrefabInstance: {fileID: 0}
  m_PrefabAsset: {fileID: 0}
  m_GameObject: {fileID: 7750531288870525403}
  m_Enabled: 1
  m_CastShadows: 1
  m_ReceiveShadows: 1
  m_DynamicOccludee: 1
  m_StaticShadowCaster: 0
  m_MotionVectors: 1
  m_LightProbeUsage: 1
  m_ReflectionProbeUsage: 1
  m_RayTracingMode: 2
  m_RayTraceProcedural: 0
  m_RenderingLayerMask: 1
  m_RendererPriority: 0
  m_Materials:
  - {fileID: 2100000, guid: 7789ea229d9d32b47af08eb92196fed3, type: 2}
  m_StaticBatchInfo:
    firstSubMesh: 0
    subMeshCount: 0
  m_StaticBatchRoot: {fileID: 0}
  m_ProbeAnchor: {fileID: 0}
  m_LightProbeVolumeOverride: {fileID: 0}
  m_ScaleInLightmap: 1
  m_ReceiveGI: 1
  m_PreserveUVs: 0
  m_IgnoreNormalsForChartDetection: 0
  m_ImportantGI: 0
  m_StitchLightmapSeams: 1
  m_SelectedEditorRenderState: 3
  m_MinimumChartSize: 4
  m_AutoUVMaxDistance: 0.5
  m_AutoUVMaxAngle: 89
  m_LightmapParameters: {fileID: 0}
  m_SortingLayerID: 0
  m_SortingLayer: 0
  m_SortingOrder: 0
  m_AdditionalVertexStreams: {fileID: 0}
--- !u!114 &5549407535006833302
MonoBehaviour:
  m_ObjectHideFlags: 0
  m_CorrespondingSourceObject: {fileID: 0}
  m_PrefabInstance: {fileID: 0}
  m_PrefabAsset: {fileID: 0}
  m_GameObject: {fileID: 7750531288870525403}
  m_Enabled: 1
  m_EditorHideFlags: 0
  m_Script: {fileID: 11500000, guid: f976827fd716af846a44078cfaf91c60, type: 3}
  m_Name: 
  m_EditorClassIdentifier: 
  picture: {fileID: 21300000, guid: d68bc6f3daaf4a249b98ad7f9384b5b7, type: 3}
  health: {fileID: 1454099349044648063}
  unitsMap: {fileID: 11400000, guid: 024122fd87f04874fa052b9a6f013ead, type: 2}
  position:
    x: 0
    y: 0
    z: 0
  unitName: Mountain
  unitType: 3
  height: 0.96
  isAffectedByKnockback: 0
  actionsHandler: {fileID: 0}
  structureType: 0
  voFx: {fileID: 0}
  idleFx: {fileID: 0}
  stepsFx: {fileID: 0}
  WorldPosition:
    x: 0
    y: 0
    z: 0
  Description: Destructible
  OnDeathSound: {fileID: 5657840393084532290}
  crackedMesh: {fileID: -9030727810740443013}
--- !u!114 &1454099349044648063
MonoBehaviour:
  m_ObjectHideFlags: 0
  m_CorrespondingSourceObject: {fileID: 0}
  m_PrefabInstance: {fileID: 0}
  m_PrefabAsset: {fileID: 0}
  m_GameObject: {fileID: 7750531288870525403}
  m_Enabled: 1
  m_EditorHideFlags: 0
  m_Script: {fileID: 11500000, guid: 589a0b71bb9467f498c82721c585ff04, type: 3}
  m_Name: 
  m_EditorClassIdentifier: 
  maxValue: 1
  minValue: 0
  hitFx: {fileID: 7437493964423217999}
  deadFx: {fileID: 7437493964423217999}
--- !u!114 &7437493964423217999
MonoBehaviour:
  m_ObjectHideFlags: 0
  m_CorrespondingSourceObject: {fileID: 0}
  m_PrefabInstance: {fileID: 0}
  m_PrefabAsset: {fileID: 0}
  m_GameObject: {fileID: 7750531288870525403}
  m_Enabled: 1
  m_EditorHideFlags: 0
  m_Script: {fileID: 11500000, guid: a7427057b22ee8045a732ed3e9f160c4, type: 3}
  m_Name: 
  m_EditorClassIdentifier: 
  particles: {fileID: 7528792032837937894, guid: 8c7b3782eec932c44866a99edd5fc1ae,
    type: 3}
  particleSFX: 
  particlesDuration: 2
  destroyParticles: 0
  offset: 0.3
--- !u!65 &6901614666773618487
BoxCollider:
  m_ObjectHideFlags: 0
  m_CorrespondingSourceObject: {fileID: 0}
  m_PrefabInstance: {fileID: 0}
  m_PrefabAsset: {fileID: 0}
  m_GameObject: {fileID: 7750531288870525403}
  m_Material: {fileID: 0}
  m_IsTrigger: 0
  m_Enabled: 1
  serializedVersion: 2
  m_Size: {x: 0.6293433, y: 0.5, z: 0.60006547}
  m_Center: {x: 0.01903379, y: 0.4, z: 0.0023143888}
--- !u!114 &296842225619980128
MonoBehaviour:
  m_ObjectHideFlags: 0
  m_CorrespondingSourceObject: {fileID: 0}
  m_PrefabInstance: {fileID: 0}
  m_PrefabAsset: {fileID: 0}
  m_GameObject: {fileID: 7750531288870525403}
  m_Enabled: 1
  m_EditorHideFlags: 0
  m_Script: {fileID: 11500000, guid: a6eb9b8ad3e5d694e8fbf9e849fabeda, type: 3}
  m_Name: 
  m_EditorClassIdentifier: 
  health: {fileID: 1454099349044648063}
  _OnValueChanged:
    m_PersistentCalls:
      m_Calls:
      - m_Target: {fileID: 5549407535006833302}
        m_TargetAssemblyTypeName: 
        m_MethodName: CheckIfDestroyable
        m_Mode: 1
        m_Arguments:
          m_ObjectArgument: {fileID: 0}
          m_ObjectArgumentAssemblyTypeName: UnityEngine.Object, UnityEngine
          m_IntArgument: 0
          m_FloatArgument: 0
          m_StringArgument: 
          m_BoolArgument: 0
        m_CallState: 2
--- !u!114 &-490457540940860313
MonoBehaviour:
  m_ObjectHideFlags: 0
  m_CorrespondingSourceObject: {fileID: 0}
  m_PrefabInstance: {fileID: 0}
  m_PrefabAsset: {fileID: 0}
  m_GameObject: {fileID: 7750531288870525403}
  m_Enabled: 1
  m_EditorHideFlags: 0
  m_Script: {fileID: 11500000, guid: f97c44f111be0b8498502a971f156445, type: 3}
  m_Name: 
  m_EditorClassIdentifier: 
  damageOnCollision: 1
--- !u!114 &656610709149776595
MonoBehaviour:
  m_ObjectHideFlags: 0
  m_CorrespondingSourceObject: {fileID: 0}
  m_PrefabInstance: {fileID: 0}
  m_PrefabAsset: {fileID: 0}
  m_GameObject: {fileID: 7750531288870525403}
  m_Enabled: 1
  m_EditorHideFlags: 0
  m_Script: {fileID: 11500000, guid: f19b6e5385a2e734fb2786f32698fd47, type: 3}
  m_Name: 
  m_EditorClassIdentifier: 
  Decoration: {fileID: 11400000, guid: 04e589eda0925a04aa5091b0bb9ef619, type: 2}
  AppliedMaterials: []
  TileFinishedRapture: {fileID: 0}
  TileComponents:
  - {fileID: 8337215314961870087}
  TilePos:
    x: 0
    y: 0
    z: 0
  RaptureValues: []
  Seconds: 5
--- !u!114 &8839912048788451028
MonoBehaviour:
  m_ObjectHideFlags: 0
  m_CorrespondingSourceObject: {fileID: 0}
  m_PrefabInstance: {fileID: 0}
  m_PrefabAsset: {fileID: 0}
  m_GameObject: {fileID: 7750531288870525403}
  m_Enabled: 1
  m_EditorHideFlags: 0
  m_Script: {fileID: 11500000, guid: 74365da3c027f984496e32e042120981, type: 3}
  m_Name: 
  m_EditorClassIdentifier: 
--- !u!114 &5657840393084532290
MonoBehaviour:
  m_ObjectHideFlags: 0
  m_CorrespondingSourceObject: {fileID: 0}
  m_PrefabInstance: {fileID: 0}
  m_PrefabAsset: {fileID: 0}
  m_GameObject: {fileID: 7750531288870525403}
  m_Enabled: 1
  m_EditorHideFlags: 0
  m_Script: {fileID: 11500000, guid: ab638c6d8947657478626851759acbac, type: 3}
  m_Name: 
  m_EditorClassIdentifier: 
  AudioName: Quagmire_Mountains_Destruction
--- !u!114 &-9030727810740443013
MonoBehaviour:
  m_ObjectHideFlags: 0
  m_CorrespondingSourceObject: {fileID: 0}
  m_PrefabInstance: {fileID: 0}
  m_PrefabAsset: {fileID: 0}
  m_GameObject: {fileID: 7750531288870525403}
  m_Enabled: 1
  m_EditorHideFlags: 0
  m_Script: {fileID: 11500000, guid: 4a19aad8389905442b452392e88c967d, type: 3}
  m_Name: 
  m_EditorClassIdentifier: 
  crackedMesh: {fileID: 6479716090548885742, guid: d06d5a63f69705a4999a8448244e80e0,
    type: 3}
