%YAML 1.1
%TAG !u! tag:unity3d.com,2011:
--- !u!1001 &397636864717460177
PrefabInstance:
  m_ObjectHideFlags: 0
  serializedVersion: 2
  m_Modification:
    m_TransformParent: {fileID: 92286099946752077}
    m_Modifications:
    - target: {fileID: 6251067156289323928, guid: 343fe07b1f1f8f649ba2fd3479c89d47,
        type: 3}
      propertyPath: m_Name
      value: IceBerg03 (1)
      objectReference: {fileID: 0}
    - target: {fileID: 6251067156289323928, guid: 343fe07b1f1f8f649ba2fd3479c89d47,
        type: 3}
      propertyPath: m_IsActive
      value: 1
      objectReference: {fileID: 0}
    - target: {fileID: 6961185881632436619, guid: 343fe07b1f1f8f649ba2fd3479c89d47,
        type: 3}
      propertyPath: m_LocalPosition.x
      value: 5
      objectReference: {fileID: 0}
    - target: {fileID: 6961185881632436619, guid: 343fe07b1f1f8f649ba2fd3479c89d47,
        type: 3}
      propertyPath: m_LocalPosition.y
      value: 1
      objectReference: {fileID: 0}
    - target: {fileID: 6961185881632436619, guid: 343fe07b1f1f8f649ba2fd3479c89d47,
        type: 3}
      propertyPath: m_LocalPosition.z
      value: 0
      objectReference: {fileID: 0}
    - target: {fileID: 6961185881632436619, guid: 343fe07b1f1f8f649ba2fd3479c89d47,
        type: 3}
      propertyPath: m_LocalRotation.x
      value: 0
      objectReference: {fileID: 0}
    - target: {fileID: 6961185881632436619, guid: 343fe07b1f1f8f649ba2fd3479c89d47,
        type: 3}
      propertyPath: m_LocalRotation.y
      value: -0
      objectReference: {fileID: 0}
    - target: {fileID: 6961185881632436619, guid: 343fe07b1f1f8f649ba2fd3479c89d47,
        type: 3}
      propertyPath: m_LocalRotation.z
      value: -0
      objectReference: {fileID: 0}
    - target: {fileID: 6961185881632436619, guid: 343fe07b1f1f8f649ba2fd3479c89d47,
        type: 3}
      propertyPath: m_LocalRotation.w
      value: 1
      objectReference: {fileID: 0}
    - target: {fileID: 6961185881632436619, guid: 343fe07b1f1f8f649ba2fd3479c89d47,
        type: 3}
      propertyPath: m_RootOrder
      value: 11
      objectReference: {fileID: 0}
    - target: {fileID: 6961185881632436619, guid: 343fe07b1f1f8f649ba2fd3479c89d47,
        type: 3}
      propertyPath: m_LocalEulerAnglesHint.x
      value: 0
      objectReference: {fileID: 0}
    - target: {fileID: 6961185881632436619, guid: 343fe07b1f1f8f649ba2fd3479c89d47,
        type: 3}
      propertyPath: m_LocalEulerAnglesHint.y
      value: 0
      objectReference: {fileID: 0}
    - target: {fileID: 6961185881632436619, guid: 343fe07b1f1f8f649ba2fd3479c89d47,
        type: 3}
      propertyPath: m_LocalEulerAnglesHint.z
      value: 0
      objectReference: {fileID: 0}
    - target: {fileID: 8091947708562292949, guid: 343fe07b1f1f8f649ba2fd3479c89d47,
        type: 3}
      propertyPath: position.x
      value: 5
      objectReference: {fileID: 0}
    m_RemovedComponents: []
  m_SourcePrefab: {fileID: 100100000, guid: 343fe07b1f1f8f649ba2fd3479c89d47, type: 3}
--- !u!1001 &682551526986528911
PrefabInstance:
  m_ObjectHideFlags: 0
  serializedVersion: 2
  m_Modification:
    m_TransformParent: {fileID: 92286099946752077}
    m_Modifications:
    - target: {fileID: 7750531288870525403, guid: 49748c2aaf77723449599e3ddd34d425,
        type: 3}
      propertyPath: m_Name
      value: MountainTile01 (6)
      objectReference: {fileID: 0}
    - target: {fileID: 7750531288870525403, guid: 49748c2aaf77723449599e3ddd34d425,
        type: 3}
      propertyPath: m_IsActive
      value: 1
      objectReference: {fileID: 0}
    - target: {fileID: 6761084999748512712, guid: 49748c2aaf77723449599e3ddd34d425,
        type: 3}
      propertyPath: m_LocalPosition.x
      value: 5
      objectReference: {fileID: 0}
    - target: {fileID: 6761084999748512712, guid: 49748c2aaf77723449599e3ddd34d425,
        type: 3}
      propertyPath: m_LocalPosition.y
      value: 0.91
      objectReference: {fileID: 0}
    - target: {fileID: 6761084999748512712, guid: 49748c2aaf77723449599e3ddd34d425,
        type: 3}
      propertyPath: m_LocalPosition.z
      value: 7
      objectReference: {fileID: 0}
    - target: {fileID: 6761084999748512712, guid: 49748c2aaf77723449599e3ddd34d425,
        type: 3}
      propertyPath: m_LocalRotation.x
      value: 0
      objectReference: {fileID: 0}
    - target: {fileID: 6761084999748512712, guid: 49748c2aaf77723449599e3ddd34d425,
        type: 3}
      propertyPath: m_LocalRotation.y
      value: -0
      objectReference: {fileID: 0}
    - target: {fileID: 6761084999748512712, guid: 49748c2aaf77723449599e3ddd34d425,
        type: 3}
      propertyPath: m_LocalRotation.z
      value: -0
      objectReference: {fileID: 0}
    - target: {fileID: 6761084999748512712, guid: 49748c2aaf77723449599e3ddd34d425,
        type: 3}
      propertyPath: m_LocalRotation.w
      value: 1
      objectReference: {fileID: 0}
    - target: {fileID: 6761084999748512712, guid: 49748c2aaf77723449599e3ddd34d425,
        type: 3}
      propertyPath: m_RootOrder
      value: 6
      objectReference: {fileID: 0}
    - target: {fileID: 6761084999748512712, guid: 49748c2aaf77723449599e3ddd34d425,
        type: 3}
      propertyPath: m_LocalEulerAnglesHint.x
      value: 0
      objectReference: {fileID: 0}
    - target: {fileID: 6761084999748512712, guid: 49748c2aaf77723449599e3ddd34d425,
        type: 3}
      propertyPath: m_LocalEulerAnglesHint.y
      value: 0
      objectReference: {fileID: 0}
    - target: {fileID: 6761084999748512712, guid: 49748c2aaf77723449599e3ddd34d425,
        type: 3}
      propertyPath: m_LocalEulerAnglesHint.z
      value: 0
      objectReference: {fileID: 0}
    - target: {fileID: 5549407535006833302, guid: 49748c2aaf77723449599e3ddd34d425,
        type: 3}
      propertyPath: position.x
      value: 5
      objectReference: {fileID: 0}
    - target: {fileID: 5549407535006833302, guid: 49748c2aaf77723449599e3ddd34d425,
        type: 3}
      propertyPath: position.z
      value: 7
      objectReference: {fileID: 0}
    m_RemovedComponents: []
  m_SourcePrefab: {fileID: 100100000, guid: 49748c2aaf77723449599e3ddd34d425, type: 3}
--- !u!1001 &735358956509030604
PrefabInstance:
  m_ObjectHideFlags: 0
  serializedVersion: 2
  m_Modification:
    m_TransformParent: {fileID: 92286099946752077}
    m_Modifications:
    - target: {fileID: 7750531288870525403, guid: 49748c2aaf77723449599e3ddd34d425,
        type: 3}
      propertyPath: m_Name
      value: MountainTile01 (5)
      objectReference: {fileID: 0}
    - target: {fileID: 7750531288870525403, guid: 49748c2aaf77723449599e3ddd34d425,
        type: 3}
      propertyPath: m_IsActive
      value: 1
      objectReference: {fileID: 0}
    - target: {fileID: 6761084999748512712, guid: 49748c2aaf77723449599e3ddd34d425,
        type: 3}
      propertyPath: m_LocalPosition.x
      value: 3
      objectReference: {fileID: 0}
    - target: {fileID: 6761084999748512712, guid: 49748c2aaf77723449599e3ddd34d425,
        type: 3}
      propertyPath: m_LocalPosition.y
      value: 0.91
      objectReference: {fileID: 0}
    - target: {fileID: 6761084999748512712, guid: 49748c2aaf77723449599e3ddd34d425,
        type: 3}
      propertyPath: m_LocalPosition.z
      value: 6
      objectReference: {fileID: 0}
    - target: {fileID: 6761084999748512712, guid: 49748c2aaf77723449599e3ddd34d425,
        type: 3}
      propertyPath: m_LocalRotation.x
      value: 0
      objectReference: {fileID: 0}
    - target: {fileID: 6761084999748512712, guid: 49748c2aaf77723449599e3ddd34d425,
        type: 3}
      propertyPath: m_LocalRotation.y
      value: -0
      objectReference: {fileID: 0}
    - target: {fileID: 6761084999748512712, guid: 49748c2aaf77723449599e3ddd34d425,
        type: 3}
      propertyPath: m_LocalRotation.z
      value: -0
      objectReference: {fileID: 0}
    - target: {fileID: 6761084999748512712, guid: 49748c2aaf77723449599e3ddd34d425,
        type: 3}
      propertyPath: m_LocalRotation.w
      value: 1
      objectReference: {fileID: 0}
    - target: {fileID: 6761084999748512712, guid: 49748c2aaf77723449599e3ddd34d425,
        type: 3}
      propertyPath: m_RootOrder
      value: 5
      objectReference: {fileID: 0}
    - target: {fileID: 6761084999748512712, guid: 49748c2aaf77723449599e3ddd34d425,
        type: 3}
      propertyPath: m_LocalEulerAnglesHint.x
      value: 0
      objectReference: {fileID: 0}
    - target: {fileID: 6761084999748512712, guid: 49748c2aaf77723449599e3ddd34d425,
        type: 3}
      propertyPath: m_LocalEulerAnglesHint.y
      value: 0
      objectReference: {fileID: 0}
    - target: {fileID: 6761084999748512712, guid: 49748c2aaf77723449599e3ddd34d425,
        type: 3}
      propertyPath: m_LocalEulerAnglesHint.z
      value: 0
      objectReference: {fileID: 0}
    - target: {fileID: 5549407535006833302, guid: 49748c2aaf77723449599e3ddd34d425,
        type: 3}
      propertyPath: position.x
      value: 3
      objectReference: {fileID: 0}
    - target: {fileID: 5549407535006833302, guid: 49748c2aaf77723449599e3ddd34d425,
        type: 3}
      propertyPath: position.z
      value: 6
      objectReference: {fileID: 0}
    m_RemovedComponents: []
  m_SourcePrefab: {fileID: 100100000, guid: 49748c2aaf77723449599e3ddd34d425, type: 3}
--- !u!1001 &1203881030768208676
PrefabInstance:
  m_ObjectHideFlags: 0
  serializedVersion: 2
  m_Modification:
    m_TransformParent: {fileID: 92286099946752077}
    m_Modifications:
    - target: {fileID: 6251067156289323928, guid: 343fe07b1f1f8f649ba2fd3479c89d47,
        type: 3}
      propertyPath: m_Name
      value: IceBerg03 (4)
      objectReference: {fileID: 0}
    - target: {fileID: 6251067156289323928, guid: 343fe07b1f1f8f649ba2fd3479c89d47,
        type: 3}
      propertyPath: m_IsActive
      value: 1
      objectReference: {fileID: 0}
    - target: {fileID: 6961185881632436619, guid: 343fe07b1f1f8f649ba2fd3479c89d47,
        type: 3}
      propertyPath: m_LocalPosition.x
      value: 1
      objectReference: {fileID: 0}
    - target: {fileID: 6961185881632436619, guid: 343fe07b1f1f8f649ba2fd3479c89d47,
        type: 3}
      propertyPath: m_LocalPosition.y
      value: 1
      objectReference: {fileID: 0}
    - target: {fileID: 6961185881632436619, guid: 343fe07b1f1f8f649ba2fd3479c89d47,
        type: 3}
      propertyPath: m_LocalPosition.z
      value: 4
      objectReference: {fileID: 0}
    - target: {fileID: 6961185881632436619, guid: 343fe07b1f1f8f649ba2fd3479c89d47,
        type: 3}
      propertyPath: m_LocalRotation.x
      value: 0
      objectReference: {fileID: 0}
    - target: {fileID: 6961185881632436619, guid: 343fe07b1f1f8f649ba2fd3479c89d47,
        type: 3}
      propertyPath: m_LocalRotation.y
      value: -0
      objectReference: {fileID: 0}
    - target: {fileID: 6961185881632436619, guid: 343fe07b1f1f8f649ba2fd3479c89d47,
        type: 3}
      propertyPath: m_LocalRotation.z
      value: -0
      objectReference: {fileID: 0}
    - target: {fileID: 6961185881632436619, guid: 343fe07b1f1f8f649ba2fd3479c89d47,
        type: 3}
      propertyPath: m_LocalRotation.w
      value: 1
      objectReference: {fileID: 0}
    - target: {fileID: 6961185881632436619, guid: 343fe07b1f1f8f649ba2fd3479c89d47,
        type: 3}
      propertyPath: m_RootOrder
      value: 14
      objectReference: {fileID: 0}
    - target: {fileID: 6961185881632436619, guid: 343fe07b1f1f8f649ba2fd3479c89d47,
        type: 3}
      propertyPath: m_LocalEulerAnglesHint.x
      value: 0
      objectReference: {fileID: 0}
    - target: {fileID: 6961185881632436619, guid: 343fe07b1f1f8f649ba2fd3479c89d47,
        type: 3}
      propertyPath: m_LocalEulerAnglesHint.y
      value: 0
      objectReference: {fileID: 0}
    - target: {fileID: 6961185881632436619, guid: 343fe07b1f1f8f649ba2fd3479c89d47,
        type: 3}
      propertyPath: m_LocalEulerAnglesHint.z
      value: 0
      objectReference: {fileID: 0}
    - target: {fileID: 8091947708562292949, guid: 343fe07b1f1f8f649ba2fd3479c89d47,
        type: 3}
      propertyPath: position.x
      value: 1
      objectReference: {fileID: 0}
    - target: {fileID: 8091947708562292949, guid: 343fe07b1f1f8f649ba2fd3479c89d47,
        type: 3}
      propertyPath: position.z
      value: 4
      objectReference: {fileID: 0}
    m_RemovedComponents: []
  m_SourcePrefab: {fileID: 100100000, guid: 343fe07b1f1f8f649ba2fd3479c89d47, type: 3}
--- !u!1001 &1828811094074749936
PrefabInstance:
  m_ObjectHideFlags: 0
  serializedVersion: 2
  m_Modification:
    m_TransformParent: {fileID: 92286099946752077}
    m_Modifications:
    - target: {fileID: 7750531288870525403, guid: 49748c2aaf77723449599e3ddd34d425,
        type: 3}
      propertyPath: m_Name
      value: MountainTile01 (2)
      objectReference: {fileID: 0}
    - target: {fileID: 7750531288870525403, guid: 49748c2aaf77723449599e3ddd34d425,
        type: 3}
      propertyPath: m_IsActive
      value: 1
      objectReference: {fileID: 0}
    - target: {fileID: 6761084999748512712, guid: 49748c2aaf77723449599e3ddd34d425,
        type: 3}
      propertyPath: m_LocalPosition.x
      value: 3
      objectReference: {fileID: 0}
    - target: {fileID: 6761084999748512712, guid: 49748c2aaf77723449599e3ddd34d425,
        type: 3}
      propertyPath: m_LocalPosition.y
      value: 0.91
      objectReference: {fileID: 0}
    - target: {fileID: 6761084999748512712, guid: 49748c2aaf77723449599e3ddd34d425,
        type: 3}
      propertyPath: m_LocalPosition.z
      value: 1
      objectReference: {fileID: 0}
    - target: {fileID: 6761084999748512712, guid: 49748c2aaf77723449599e3ddd34d425,
        type: 3}
      propertyPath: m_LocalRotation.x
      value: 0
      objectReference: {fileID: 0}
    - target: {fileID: 6761084999748512712, guid: 49748c2aaf77723449599e3ddd34d425,
        type: 3}
      propertyPath: m_LocalRotation.y
      value: -0
      objectReference: {fileID: 0}
    - target: {fileID: 6761084999748512712, guid: 49748c2aaf77723449599e3ddd34d425,
        type: 3}
      propertyPath: m_LocalRotation.z
      value: -0
      objectReference: {fileID: 0}
    - target: {fileID: 6761084999748512712, guid: 49748c2aaf77723449599e3ddd34d425,
        type: 3}
      propertyPath: m_LocalRotation.w
      value: 1
      objectReference: {fileID: 0}
    - target: {fileID: 6761084999748512712, guid: 49748c2aaf77723449599e3ddd34d425,
        type: 3}
      propertyPath: m_RootOrder
      value: 2
      objectReference: {fileID: 0}
    - target: {fileID: 6761084999748512712, guid: 49748c2aaf77723449599e3ddd34d425,
        type: 3}
      propertyPath: m_LocalEulerAnglesHint.x
      value: 0
      objectReference: {fileID: 0}
    - target: {fileID: 6761084999748512712, guid: 49748c2aaf77723449599e3ddd34d425,
        type: 3}
      propertyPath: m_LocalEulerAnglesHint.y
      value: 0
      objectReference: {fileID: 0}
    - target: {fileID: 6761084999748512712, guid: 49748c2aaf77723449599e3ddd34d425,
        type: 3}
      propertyPath: m_LocalEulerAnglesHint.z
      value: 0
      objectReference: {fileID: 0}
    - target: {fileID: 5549407535006833302, guid: 49748c2aaf77723449599e3ddd34d425,
        type: 3}
      propertyPath: position.x
      value: 3
      objectReference: {fileID: 0}
    - target: {fileID: 5549407535006833302, guid: 49748c2aaf77723449599e3ddd34d425,
        type: 3}
      propertyPath: position.z
      value: 1
      objectReference: {fileID: 0}
    m_RemovedComponents: []
  m_SourcePrefab: {fileID: 100100000, guid: 49748c2aaf77723449599e3ddd34d425, type: 3}
--- !u!1001 &2427106316936939817
PrefabInstance:
  m_ObjectHideFlags: 0
  serializedVersion: 2
  m_Modification:
    m_TransformParent: {fileID: 92286099946752077}
    m_Modifications:
    - target: {fileID: 6251067156289323928, guid: 343fe07b1f1f8f649ba2fd3479c89d47,
        type: 3}
      propertyPath: m_Name
      value: IceBerg03
      objectReference: {fileID: 0}
    - target: {fileID: 6251067156289323928, guid: 343fe07b1f1f8f649ba2fd3479c89d47,
        type: 3}
      propertyPath: m_IsActive
      value: 1
      objectReference: {fileID: 0}
    - target: {fileID: 6961185881632436619, guid: 343fe07b1f1f8f649ba2fd3479c89d47,
        type: 3}
      propertyPath: m_LocalPosition.x
      value: 6
      objectReference: {fileID: 0}
    - target: {fileID: 6961185881632436619, guid: 343fe07b1f1f8f649ba2fd3479c89d47,
        type: 3}
      propertyPath: m_LocalPosition.y
      value: 1
      objectReference: {fileID: 0}
    - target: {fileID: 6961185881632436619, guid: 343fe07b1f1f8f649ba2fd3479c89d47,
        type: 3}
      propertyPath: m_LocalPosition.z
      value: 5
      objectReference: {fileID: 0}
    - target: {fileID: 6961185881632436619, guid: 343fe07b1f1f8f649ba2fd3479c89d47,
        type: 3}
      propertyPath: m_LocalRotation.x
      value: 0
      objectReference: {fileID: 0}
    - target: {fileID: 6961185881632436619, guid: 343fe07b1f1f8f649ba2fd3479c89d47,
        type: 3}
      propertyPath: m_LocalRotation.y
      value: -0
      objectReference: {fileID: 0}
    - target: {fileID: 6961185881632436619, guid: 343fe07b1f1f8f649ba2fd3479c89d47,
        type: 3}
      propertyPath: m_LocalRotation.z
      value: -0
      objectReference: {fileID: 0}
    - target: {fileID: 6961185881632436619, guid: 343fe07b1f1f8f649ba2fd3479c89d47,
        type: 3}
      propertyPath: m_LocalRotation.w
      value: 1
      objectReference: {fileID: 0}
    - target: {fileID: 6961185881632436619, guid: 343fe07b1f1f8f649ba2fd3479c89d47,
        type: 3}
      propertyPath: m_RootOrder
      value: 10
      objectReference: {fileID: 0}
    - target: {fileID: 6961185881632436619, guid: 343fe07b1f1f8f649ba2fd3479c89d47,
        type: 3}
      propertyPath: m_LocalEulerAnglesHint.x
      value: 0
      objectReference: {fileID: 0}
    - target: {fileID: 6961185881632436619, guid: 343fe07b1f1f8f649ba2fd3479c89d47,
        type: 3}
      propertyPath: m_LocalEulerAnglesHint.y
      value: 0
      objectReference: {fileID: 0}
    - target: {fileID: 6961185881632436619, guid: 343fe07b1f1f8f649ba2fd3479c89d47,
        type: 3}
      propertyPath: m_LocalEulerAnglesHint.z
      value: 0
      objectReference: {fileID: 0}
    - target: {fileID: 8091947708562292949, guid: 343fe07b1f1f8f649ba2fd3479c89d47,
        type: 3}
      propertyPath: position.x
      value: 6
      objectReference: {fileID: 0}
    - target: {fileID: 8091947708562292949, guid: 343fe07b1f1f8f649ba2fd3479c89d47,
        type: 3}
      propertyPath: position.z
      value: 5
      objectReference: {fileID: 0}
    m_RemovedComponents: []
  m_SourcePrefab: {fileID: 100100000, guid: 343fe07b1f1f8f649ba2fd3479c89d47, type: 3}
--- !u!1001 &2629368968245521896
PrefabInstance:
  m_ObjectHideFlags: 0
  serializedVersion: 2
  m_Modification:
    m_TransformParent: {fileID: 92286099946752077}
    m_Modifications:
    - target: {fileID: 7750531288870525403, guid: 49748c2aaf77723449599e3ddd34d425,
        type: 3}
      propertyPath: m_Name
      value: MountainTile01 (9)
      objectReference: {fileID: 0}
    - target: {fileID: 7750531288870525403, guid: 49748c2aaf77723449599e3ddd34d425,
        type: 3}
      propertyPath: m_IsActive
      value: 1
      objectReference: {fileID: 0}
    - target: {fileID: 6761084999748512712, guid: 49748c2aaf77723449599e3ddd34d425,
        type: 3}
      propertyPath: m_LocalPosition.x
      value: 7
      objectReference: {fileID: 0}
    - target: {fileID: 6761084999748512712, guid: 49748c2aaf77723449599e3ddd34d425,
        type: 3}
      propertyPath: m_LocalPosition.y
      value: 0.91
      objectReference: {fileID: 0}
    - target: {fileID: 6761084999748512712, guid: 49748c2aaf77723449599e3ddd34d425,
        type: 3}
      propertyPath: m_LocalPosition.z
      value: 2
      objectReference: {fileID: 0}
    - target: {fileID: 6761084999748512712, guid: 49748c2aaf77723449599e3ddd34d425,
        type: 3}
      propertyPath: m_LocalRotation.x
      value: 0
      objectReference: {fileID: 0}
    - target: {fileID: 6761084999748512712, guid: 49748c2aaf77723449599e3ddd34d425,
        type: 3}
      propertyPath: m_LocalRotation.y
      value: -0
      objectReference: {fileID: 0}
    - target: {fileID: 6761084999748512712, guid: 49748c2aaf77723449599e3ddd34d425,
        type: 3}
      propertyPath: m_LocalRotation.z
      value: -0
      objectReference: {fileID: 0}
    - target: {fileID: 6761084999748512712, guid: 49748c2aaf77723449599e3ddd34d425,
        type: 3}
      propertyPath: m_LocalRotation.w
      value: 1
      objectReference: {fileID: 0}
    - target: {fileID: 6761084999748512712, guid: 49748c2aaf77723449599e3ddd34d425,
        type: 3}
      propertyPath: m_RootOrder
      value: 9
      objectReference: {fileID: 0}
    - target: {fileID: 6761084999748512712, guid: 49748c2aaf77723449599e3ddd34d425,
        type: 3}
      propertyPath: m_LocalEulerAnglesHint.x
      value: 0
      objectReference: {fileID: 0}
    - target: {fileID: 6761084999748512712, guid: 49748c2aaf77723449599e3ddd34d425,
        type: 3}
      propertyPath: m_LocalEulerAnglesHint.y
      value: 0
      objectReference: {fileID: 0}
    - target: {fileID: 6761084999748512712, guid: 49748c2aaf77723449599e3ddd34d425,
        type: 3}
      propertyPath: m_LocalEulerAnglesHint.z
      value: 0
      objectReference: {fileID: 0}
    - target: {fileID: 5549407535006833302, guid: 49748c2aaf77723449599e3ddd34d425,
        type: 3}
      propertyPath: position.z
      value: 2
      objectReference: {fileID: 0}
    - target: {fileID: 5549407535006833302, guid: 49748c2aaf77723449599e3ddd34d425,
        type: 3}
      propertyPath: position.x
      value: 7
      objectReference: {fileID: 0}
    m_RemovedComponents: []
  m_SourcePrefab: {fileID: 100100000, guid: 49748c2aaf77723449599e3ddd34d425, type: 3}
--- !u!1001 &2719755240166943822
PrefabInstance:
  m_ObjectHideFlags: 0
  serializedVersion: 2
  m_Modification:
    m_TransformParent: {fileID: 92286099946752077}
    m_Modifications:
    - target: {fileID: 7750531288870525403, guid: 49748c2aaf77723449599e3ddd34d425,
        type: 3}
      propertyPath: m_Name
      value: MountainTile01
      objectReference: {fileID: 0}
    - target: {fileID: 7750531288870525403, guid: 49748c2aaf77723449599e3ddd34d425,
        type: 3}
      propertyPath: m_IsActive
      value: 1
      objectReference: {fileID: 0}
    - target: {fileID: 6761084999748512712, guid: 49748c2aaf77723449599e3ddd34d425,
        type: 3}
      propertyPath: m_LocalPosition.x
      value: 0
      objectReference: {fileID: 0}
    - target: {fileID: 6761084999748512712, guid: 49748c2aaf77723449599e3ddd34d425,
        type: 3}
      propertyPath: m_LocalPosition.y
      value: 0.91
      objectReference: {fileID: 0}
    - target: {fileID: 6761084999748512712, guid: 49748c2aaf77723449599e3ddd34d425,
        type: 3}
      propertyPath: m_LocalPosition.z
      value: 6
      objectReference: {fileID: 0}
    - target: {fileID: 6761084999748512712, guid: 49748c2aaf77723449599e3ddd34d425,
        type: 3}
      propertyPath: m_LocalRotation.x
      value: 0
      objectReference: {fileID: 0}
    - target: {fileID: 6761084999748512712, guid: 49748c2aaf77723449599e3ddd34d425,
        type: 3}
      propertyPath: m_LocalRotation.y
      value: -0
      objectReference: {fileID: 0}
    - target: {fileID: 6761084999748512712, guid: 49748c2aaf77723449599e3ddd34d425,
        type: 3}
      propertyPath: m_LocalRotation.z
      value: -0
      objectReference: {fileID: 0}
    - target: {fileID: 6761084999748512712, guid: 49748c2aaf77723449599e3ddd34d425,
        type: 3}
      propertyPath: m_LocalRotation.w
      value: 1
      objectReference: {fileID: 0}
    - target: {fileID: 6761084999748512712, guid: 49748c2aaf77723449599e3ddd34d425,
        type: 3}
      propertyPath: m_RootOrder
      value: 0
      objectReference: {fileID: 0}
    - target: {fileID: 6761084999748512712, guid: 49748c2aaf77723449599e3ddd34d425,
        type: 3}
      propertyPath: m_LocalEulerAnglesHint.x
      value: 0
      objectReference: {fileID: 0}
    - target: {fileID: 6761084999748512712, guid: 49748c2aaf77723449599e3ddd34d425,
        type: 3}
      propertyPath: m_LocalEulerAnglesHint.y
      value: 0
      objectReference: {fileID: 0}
    - target: {fileID: 6761084999748512712, guid: 49748c2aaf77723449599e3ddd34d425,
        type: 3}
      propertyPath: m_LocalEulerAnglesHint.z
      value: 0
      objectReference: {fileID: 0}
    - target: {fileID: 5549407535006833302, guid: 49748c2aaf77723449599e3ddd34d425,
        type: 3}
      propertyPath: position.z
      value: 6
      objectReference: {fileID: 0}
    m_RemovedComponents: []
  m_SourcePrefab: {fileID: 100100000, guid: 49748c2aaf77723449599e3ddd34d425, type: 3}
--- !u!1001 &2914447898314307617
PrefabInstance:
  m_ObjectHideFlags: 0
  serializedVersion: 2
  m_Modification:
    m_TransformParent: {fileID: 92286099946752077}
    m_Modifications:
    - target: {fileID: 6251067156289323928, guid: 343fe07b1f1f8f649ba2fd3479c89d47,
        type: 3}
      propertyPath: m_Name
      value: IceBerg03 (2)
      objectReference: {fileID: 0}
    - target: {fileID: 6251067156289323928, guid: 343fe07b1f1f8f649ba2fd3479c89d47,
        type: 3}
      propertyPath: m_IsActive
      value: 1
      objectReference: {fileID: 0}
    - target: {fileID: 6961185881632436619, guid: 343fe07b1f1f8f649ba2fd3479c89d47,
        type: 3}
      propertyPath: m_LocalPosition.x
      value: 5
      objectReference: {fileID: 0}
    - target: {fileID: 6961185881632436619, guid: 343fe07b1f1f8f649ba2fd3479c89d47,
        type: 3}
      propertyPath: m_LocalPosition.y
      value: 1
      objectReference: {fileID: 0}
    - target: {fileID: 6961185881632436619, guid: 343fe07b1f1f8f649ba2fd3479c89d47,
        type: 3}
      propertyPath: m_LocalPosition.z
      value: 2
      objectReference: {fileID: 0}
    - target: {fileID: 6961185881632436619, guid: 343fe07b1f1f8f649ba2fd3479c89d47,
        type: 3}
      propertyPath: m_LocalRotation.x
      value: 0
      objectReference: {fileID: 0}
    - target: {fileID: 6961185881632436619, guid: 343fe07b1f1f8f649ba2fd3479c89d47,
        type: 3}
      propertyPath: m_LocalRotation.y
      value: -0
      objectReference: {fileID: 0}
    - target: {fileID: 6961185881632436619, guid: 343fe07b1f1f8f649ba2fd3479c89d47,
        type: 3}
      propertyPath: m_LocalRotation.z
      value: -0
      objectReference: {fileID: 0}
    - target: {fileID: 6961185881632436619, guid: 343fe07b1f1f8f649ba2fd3479c89d47,
        type: 3}
      propertyPath: m_LocalRotation.w
      value: 1
      objectReference: {fileID: 0}
    - target: {fileID: 6961185881632436619, guid: 343fe07b1f1f8f649ba2fd3479c89d47,
        type: 3}
      propertyPath: m_RootOrder
      value: 12
      objectReference: {fileID: 0}
    - target: {fileID: 6961185881632436619, guid: 343fe07b1f1f8f649ba2fd3479c89d47,
        type: 3}
      propertyPath: m_LocalEulerAnglesHint.x
      value: 0
      objectReference: {fileID: 0}
    - target: {fileID: 6961185881632436619, guid: 343fe07b1f1f8f649ba2fd3479c89d47,
        type: 3}
      propertyPath: m_LocalEulerAnglesHint.y
      value: 0
      objectReference: {fileID: 0}
    - target: {fileID: 6961185881632436619, guid: 343fe07b1f1f8f649ba2fd3479c89d47,
        type: 3}
      propertyPath: m_LocalEulerAnglesHint.z
      value: 0
      objectReference: {fileID: 0}
    - target: {fileID: 8091947708562292949, guid: 343fe07b1f1f8f649ba2fd3479c89d47,
        type: 3}
      propertyPath: position.x
      value: 5
      objectReference: {fileID: 0}
    - target: {fileID: 8091947708562292949, guid: 343fe07b1f1f8f649ba2fd3479c89d47,
        type: 3}
      propertyPath: position.z
      value: 2
      objectReference: {fileID: 0}
    m_RemovedComponents: []
  m_SourcePrefab: {fileID: 100100000, guid: 343fe07b1f1f8f649ba2fd3479c89d47, type: 3}
--- !u!1001 &3586360747674230200
PrefabInstance:
  m_ObjectHideFlags: 0
  serializedVersion: 2
  m_Modification:
    m_TransformParent: {fileID: 92286099946752077}
    m_Modifications:
    - target: {fileID: 7750531288870525403, guid: 49748c2aaf77723449599e3ddd34d425,
        type: 3}
      propertyPath: m_Name
      value: MountainTile01 (3)
      objectReference: {fileID: 0}
    - target: {fileID: 7750531288870525403, guid: 49748c2aaf77723449599e3ddd34d425,
        type: 3}
      propertyPath: m_IsActive
      value: 1
      objectReference: {fileID: 0}
    - target: {fileID: 6761084999748512712, guid: 49748c2aaf77723449599e3ddd34d425,
        type: 3}
      propertyPath: m_LocalPosition.x
      value: 3
      objectReference: {fileID: 0}
    - target: {fileID: 6761084999748512712, guid: 49748c2aaf77723449599e3ddd34d425,
        type: 3}
      propertyPath: m_LocalPosition.y
      value: 0.91
      objectReference: {fileID: 0}
    - target: {fileID: 6761084999748512712, guid: 49748c2aaf77723449599e3ddd34d425,
        type: 3}
      propertyPath: m_LocalPosition.z
      value: 2
      objectReference: {fileID: 0}
    - target: {fileID: 6761084999748512712, guid: 49748c2aaf77723449599e3ddd34d425,
        type: 3}
      propertyPath: m_LocalRotation.x
      value: 0
      objectReference: {fileID: 0}
    - target: {fileID: 6761084999748512712, guid: 49748c2aaf77723449599e3ddd34d425,
        type: 3}
      propertyPath: m_LocalRotation.y
      value: -0
      objectReference: {fileID: 0}
    - target: {fileID: 6761084999748512712, guid: 49748c2aaf77723449599e3ddd34d425,
        type: 3}
      propertyPath: m_LocalRotation.z
      value: -0
      objectReference: {fileID: 0}
    - target: {fileID: 6761084999748512712, guid: 49748c2aaf77723449599e3ddd34d425,
        type: 3}
      propertyPath: m_LocalRotation.w
      value: 1
      objectReference: {fileID: 0}
    - target: {fileID: 6761084999748512712, guid: 49748c2aaf77723449599e3ddd34d425,
        type: 3}
      propertyPath: m_RootOrder
      value: 3
      objectReference: {fileID: 0}
    - target: {fileID: 6761084999748512712, guid: 49748c2aaf77723449599e3ddd34d425,
        type: 3}
      propertyPath: m_LocalEulerAnglesHint.x
      value: 0
      objectReference: {fileID: 0}
    - target: {fileID: 6761084999748512712, guid: 49748c2aaf77723449599e3ddd34d425,
        type: 3}
      propertyPath: m_LocalEulerAnglesHint.y
      value: 0
      objectReference: {fileID: 0}
    - target: {fileID: 6761084999748512712, guid: 49748c2aaf77723449599e3ddd34d425,
        type: 3}
      propertyPath: m_LocalEulerAnglesHint.z
      value: 0
      objectReference: {fileID: 0}
    - target: {fileID: 5549407535006833302, guid: 49748c2aaf77723449599e3ddd34d425,
        type: 3}
      propertyPath: position.x
      value: 3
      objectReference: {fileID: 0}
    - target: {fileID: 5549407535006833302, guid: 49748c2aaf77723449599e3ddd34d425,
        type: 3}
      propertyPath: position.z
      value: 2
      objectReference: {fileID: 0}
    m_RemovedComponents: []
  m_SourcePrefab: {fileID: 100100000, guid: 49748c2aaf77723449599e3ddd34d425, type: 3}
--- !u!1001 &5874799161120035461
PrefabInstance:
  m_ObjectHideFlags: 0
  serializedVersion: 2
  m_Modification:
    m_TransformParent: {fileID: 92286099946752077}
    m_Modifications:
    - target: {fileID: 7750531288870525403, guid: 49748c2aaf77723449599e3ddd34d425,
        type: 3}
      propertyPath: m_Name
      value: MountainTile01 (4)
      objectReference: {fileID: 0}
    - target: {fileID: 7750531288870525403, guid: 49748c2aaf77723449599e3ddd34d425,
        type: 3}
      propertyPath: m_IsActive
      value: 1
      objectReference: {fileID: 0}
    - target: {fileID: 6761084999748512712, guid: 49748c2aaf77723449599e3ddd34d425,
        type: 3}
      propertyPath: m_LocalPosition.x
      value: 3
      objectReference: {fileID: 0}
    - target: {fileID: 6761084999748512712, guid: 49748c2aaf77723449599e3ddd34d425,
        type: 3}
      propertyPath: m_LocalPosition.y
      value: 0.91
      objectReference: {fileID: 0}
    - target: {fileID: 6761084999748512712, guid: 49748c2aaf77723449599e3ddd34d425,
        type: 3}
      propertyPath: m_LocalPosition.z
      value: 5
      objectReference: {fileID: 0}
    - target: {fileID: 6761084999748512712, guid: 49748c2aaf77723449599e3ddd34d425,
        type: 3}
      propertyPath: m_LocalRotation.x
      value: 0
      objectReference: {fileID: 0}
    - target: {fileID: 6761084999748512712, guid: 49748c2aaf77723449599e3ddd34d425,
        type: 3}
      propertyPath: m_LocalRotation.y
      value: -0
      objectReference: {fileID: 0}
    - target: {fileID: 6761084999748512712, guid: 49748c2aaf77723449599e3ddd34d425,
        type: 3}
      propertyPath: m_LocalRotation.z
      value: -0
      objectReference: {fileID: 0}
    - target: {fileID: 6761084999748512712, guid: 49748c2aaf77723449599e3ddd34d425,
        type: 3}
      propertyPath: m_LocalRotation.w
      value: 1
      objectReference: {fileID: 0}
    - target: {fileID: 6761084999748512712, guid: 49748c2aaf77723449599e3ddd34d425,
        type: 3}
      propertyPath: m_RootOrder
      value: 4
      objectReference: {fileID: 0}
    - target: {fileID: 6761084999748512712, guid: 49748c2aaf77723449599e3ddd34d425,
        type: 3}
      propertyPath: m_LocalEulerAnglesHint.x
      value: 0
      objectReference: {fileID: 0}
    - target: {fileID: 6761084999748512712, guid: 49748c2aaf77723449599e3ddd34d425,
        type: 3}
      propertyPath: m_LocalEulerAnglesHint.y
      value: 0
      objectReference: {fileID: 0}
    - target: {fileID: 6761084999748512712, guid: 49748c2aaf77723449599e3ddd34d425,
        type: 3}
      propertyPath: m_LocalEulerAnglesHint.z
      value: 0
      objectReference: {fileID: 0}
    - target: {fileID: 5549407535006833302, guid: 49748c2aaf77723449599e3ddd34d425,
        type: 3}
      propertyPath: position.x
      value: 3
      objectReference: {fileID: 0}
    - target: {fileID: 5549407535006833302, guid: 49748c2aaf77723449599e3ddd34d425,
        type: 3}
      propertyPath: position.z
      value: 5
      objectReference: {fileID: 0}
    m_RemovedComponents: []
  m_SourcePrefab: {fileID: 100100000, guid: 49748c2aaf77723449599e3ddd34d425, type: 3}
--- !u!1001 &6378394835213715423
PrefabInstance:
  m_ObjectHideFlags: 0
  serializedVersion: 2
  m_Modification:
    m_TransformParent: {fileID: 92286099946752077}
    m_Modifications:
    - target: {fileID: 7750531288870525403, guid: 49748c2aaf77723449599e3ddd34d425,
        type: 3}
      propertyPath: m_Name
      value: MountainTile01 (8)
      objectReference: {fileID: 0}
    - target: {fileID: 7750531288870525403, guid: 49748c2aaf77723449599e3ddd34d425,
        type: 3}
      propertyPath: m_IsActive
      value: 1
      objectReference: {fileID: 0}
    - target: {fileID: 6761084999748512712, guid: 49748c2aaf77723449599e3ddd34d425,
        type: 3}
      propertyPath: m_LocalPosition.x
      value: 7
      objectReference: {fileID: 0}
    - target: {fileID: 6761084999748512712, guid: 49748c2aaf77723449599e3ddd34d425,
        type: 3}
      propertyPath: m_LocalPosition.y
      value: 0.91
      objectReference: {fileID: 0}
    - target: {fileID: 6761084999748512712, guid: 49748c2aaf77723449599e3ddd34d425,
        type: 3}
      propertyPath: m_LocalPosition.z
      value: 7
      objectReference: {fileID: 0}
    - target: {fileID: 6761084999748512712, guid: 49748c2aaf77723449599e3ddd34d425,
        type: 3}
      propertyPath: m_LocalRotation.x
      value: 0
      objectReference: {fileID: 0}
    - target: {fileID: 6761084999748512712, guid: 49748c2aaf77723449599e3ddd34d425,
        type: 3}
      propertyPath: m_LocalRotation.y
      value: -0
      objectReference: {fileID: 0}
    - target: {fileID: 6761084999748512712, guid: 49748c2aaf77723449599e3ddd34d425,
        type: 3}
      propertyPath: m_LocalRotation.z
      value: -0
      objectReference: {fileID: 0}
    - target: {fileID: 6761084999748512712, guid: 49748c2aaf77723449599e3ddd34d425,
        type: 3}
      propertyPath: m_LocalRotation.w
      value: 1
      objectReference: {fileID: 0}
    - target: {fileID: 6761084999748512712, guid: 49748c2aaf77723449599e3ddd34d425,
        type: 3}
      propertyPath: m_RootOrder
      value: 8
      objectReference: {fileID: 0}
    - target: {fileID: 6761084999748512712, guid: 49748c2aaf77723449599e3ddd34d425,
        type: 3}
      propertyPath: m_LocalEulerAnglesHint.x
      value: 0
      objectReference: {fileID: 0}
    - target: {fileID: 6761084999748512712, guid: 49748c2aaf77723449599e3ddd34d425,
        type: 3}
      propertyPath: m_LocalEulerAnglesHint.y
      value: 0
      objectReference: {fileID: 0}
    - target: {fileID: 6761084999748512712, guid: 49748c2aaf77723449599e3ddd34d425,
        type: 3}
      propertyPath: m_LocalEulerAnglesHint.z
      value: 0
      objectReference: {fileID: 0}
    - target: {fileID: 5549407535006833302, guid: 49748c2aaf77723449599e3ddd34d425,
        type: 3}
      propertyPath: position.x
      value: 7
      objectReference: {fileID: 0}
    - target: {fileID: 5549407535006833302, guid: 49748c2aaf77723449599e3ddd34d425,
        type: 3}
      propertyPath: position.z
      value: 7
      objectReference: {fileID: 0}
    m_RemovedComponents: []
  m_SourcePrefab: {fileID: 100100000, guid: 49748c2aaf77723449599e3ddd34d425, type: 3}
--- !u!1001 &8384773264871259539
PrefabInstance:
  m_ObjectHideFlags: 0
  serializedVersion: 2
  m_Modification:
    m_TransformParent: {fileID: 92286099946752077}
    m_Modifications:
    - target: {fileID: 7750531288870525403, guid: 49748c2aaf77723449599e3ddd34d425,
        type: 3}
      propertyPath: m_Name
      value: MountainTile01 (7)
      objectReference: {fileID: 0}
    - target: {fileID: 7750531288870525403, guid: 49748c2aaf77723449599e3ddd34d425,
        type: 3}
      propertyPath: m_IsActive
      value: 1
      objectReference: {fileID: 0}
    - target: {fileID: 6761084999748512712, guid: 49748c2aaf77723449599e3ddd34d425,
        type: 3}
      propertyPath: m_LocalPosition.x
      value: 6
      objectReference: {fileID: 0}
    - target: {fileID: 6761084999748512712, guid: 49748c2aaf77723449599e3ddd34d425,
        type: 3}
      propertyPath: m_LocalPosition.y
      value: 0.91
      objectReference: {fileID: 0}
    - target: {fileID: 6761084999748512712, guid: 49748c2aaf77723449599e3ddd34d425,
        type: 3}
      propertyPath: m_LocalPosition.z
      value: 7
      objectReference: {fileID: 0}
    - target: {fileID: 6761084999748512712, guid: 49748c2aaf77723449599e3ddd34d425,
        type: 3}
      propertyPath: m_LocalRotation.x
      value: 0
      objectReference: {fileID: 0}
    - target: {fileID: 6761084999748512712, guid: 49748c2aaf77723449599e3ddd34d425,
        type: 3}
      propertyPath: m_LocalRotation.y
      value: -0
      objectReference: {fileID: 0}
    - target: {fileID: 6761084999748512712, guid: 49748c2aaf77723449599e3ddd34d425,
        type: 3}
      propertyPath: m_LocalRotation.z
      value: -0
      objectReference: {fileID: 0}
    - target: {fileID: 6761084999748512712, guid: 49748c2aaf77723449599e3ddd34d425,
        type: 3}
      propertyPath: m_LocalRotation.w
      value: 1
      objectReference: {fileID: 0}
    - target: {fileID: 6761084999748512712, guid: 49748c2aaf77723449599e3ddd34d425,
        type: 3}
      propertyPath: m_RootOrder
      value: 7
      objectReference: {fileID: 0}
    - target: {fileID: 6761084999748512712, guid: 49748c2aaf77723449599e3ddd34d425,
        type: 3}
      propertyPath: m_LocalEulerAnglesHint.x
      value: 0
      objectReference: {fileID: 0}
    - target: {fileID: 6761084999748512712, guid: 49748c2aaf77723449599e3ddd34d425,
        type: 3}
      propertyPath: m_LocalEulerAnglesHint.y
      value: 0
      objectReference: {fileID: 0}
    - target: {fileID: 6761084999748512712, guid: 49748c2aaf77723449599e3ddd34d425,
        type: 3}
      propertyPath: m_LocalEulerAnglesHint.z
      value: 0
      objectReference: {fileID: 0}
    - target: {fileID: 5549407535006833302, guid: 49748c2aaf77723449599e3ddd34d425,
        type: 3}
      propertyPath: position.x
      value: 6
      objectReference: {fileID: 0}
    - target: {fileID: 5549407535006833302, guid: 49748c2aaf77723449599e3ddd34d425,
        type: 3}
      propertyPath: position.z
      value: 7
      objectReference: {fileID: 0}
    m_RemovedComponents: []
  m_SourcePrefab: {fileID: 100100000, guid: 49748c2aaf77723449599e3ddd34d425, type: 3}
--- !u!1001 &8441614970352024263
PrefabInstance:
  m_ObjectHideFlags: 0
  serializedVersion: 2
  m_Modification:
    m_TransformParent: {fileID: 92286099946752077}
    m_Modifications:
    - target: {fileID: 6251067156289323928, guid: 343fe07b1f1f8f649ba2fd3479c89d47,
        type: 3}
      propertyPath: m_Name
      value: IceBerg03 (3)
      objectReference: {fileID: 0}
    - target: {fileID: 6251067156289323928, guid: 343fe07b1f1f8f649ba2fd3479c89d47,
        type: 3}
      propertyPath: m_IsActive
      value: 1
      objectReference: {fileID: 0}
    - target: {fileID: 6961185881632436619, guid: 343fe07b1f1f8f649ba2fd3479c89d47,
        type: 3}
      propertyPath: m_LocalPosition.x
      value: 2
      objectReference: {fileID: 0}
    - target: {fileID: 6961185881632436619, guid: 343fe07b1f1f8f649ba2fd3479c89d47,
        type: 3}
      propertyPath: m_LocalPosition.y
      value: 1
      objectReference: {fileID: 0}
    - target: {fileID: 6961185881632436619, guid: 343fe07b1f1f8f649ba2fd3479c89d47,
        type: 3}
      propertyPath: m_LocalPosition.z
      value: 0
      objectReference: {fileID: 0}
    - target: {fileID: 6961185881632436619, guid: 343fe07b1f1f8f649ba2fd3479c89d47,
        type: 3}
      propertyPath: m_LocalRotation.x
      value: 0
      objectReference: {fileID: 0}
    - target: {fileID: 6961185881632436619, guid: 343fe07b1f1f8f649ba2fd3479c89d47,
        type: 3}
      propertyPath: m_LocalRotation.y
      value: -0
      objectReference: {fileID: 0}
    - target: {fileID: 6961185881632436619, guid: 343fe07b1f1f8f649ba2fd3479c89d47,
        type: 3}
      propertyPath: m_LocalRotation.z
      value: -0
      objectReference: {fileID: 0}
    - target: {fileID: 6961185881632436619, guid: 343fe07b1f1f8f649ba2fd3479c89d47,
        type: 3}
      propertyPath: m_LocalRotation.w
      value: 1
      objectReference: {fileID: 0}
    - target: {fileID: 6961185881632436619, guid: 343fe07b1f1f8f649ba2fd3479c89d47,
        type: 3}
      propertyPath: m_RootOrder
      value: 13
      objectReference: {fileID: 0}
    - target: {fileID: 6961185881632436619, guid: 343fe07b1f1f8f649ba2fd3479c89d47,
        type: 3}
      propertyPath: m_LocalEulerAnglesHint.x
      value: 0
      objectReference: {fileID: 0}
    - target: {fileID: 6961185881632436619, guid: 343fe07b1f1f8f649ba2fd3479c89d47,
        type: 3}
      propertyPath: m_LocalEulerAnglesHint.y
      value: 0
      objectReference: {fileID: 0}
    - target: {fileID: 6961185881632436619, guid: 343fe07b1f1f8f649ba2fd3479c89d47,
        type: 3}
      propertyPath: m_LocalEulerAnglesHint.z
      value: 0
      objectReference: {fileID: 0}
    - target: {fileID: 8091947708562292949, guid: 343fe07b1f1f8f649ba2fd3479c89d47,
        type: 3}
      propertyPath: position.x
      value: 2
      objectReference: {fileID: 0}
    m_RemovedComponents: []
  m_SourcePrefab: {fileID: 100100000, guid: 343fe07b1f1f8f649ba2fd3479c89d47, type: 3}
--- !u!1001 &8822290479943597318
PrefabInstance:
  m_ObjectHideFlags: 0
  serializedVersion: 2
  m_Modification:
    m_TransformParent: {fileID: 0}
    m_Modifications:
    - target: {fileID: 2388405995309163836, guid: e639952308207b747ba5851b87c64ee5,
        type: 3}
      propertyPath: m_Name
      value: Glacier02_Level
      objectReference: {fileID: 0}
    - target: {fileID: 2388405995309163834, guid: e639952308207b747ba5851b87c64ee5,
        type: 3}
      propertyPath: m_LocalPosition.x
      value: 0
      objectReference: {fileID: 0}
    - target: {fileID: 2388405995309163834, guid: e639952308207b747ba5851b87c64ee5,
        type: 3}
      propertyPath: m_LocalPosition.y
      value: 0
      objectReference: {fileID: 0}
    - target: {fileID: 2388405995309163834, guid: e639952308207b747ba5851b87c64ee5,
        type: 3}
      propertyPath: m_LocalPosition.z
      value: 0
      objectReference: {fileID: 0}
    - target: {fileID: 2388405995309163834, guid: e639952308207b747ba5851b87c64ee5,
        type: 3}
      propertyPath: m_LocalRotation.x
      value: 0
      objectReference: {fileID: 0}
    - target: {fileID: 2388405995309163834, guid: e639952308207b747ba5851b87c64ee5,
        type: 3}
      propertyPath: m_LocalRotation.y
      value: 0
      objectReference: {fileID: 0}
    - target: {fileID: 2388405995309163834, guid: e639952308207b747ba5851b87c64ee5,
        type: 3}
      propertyPath: m_LocalRotation.z
      value: 0
      objectReference: {fileID: 0}
    - target: {fileID: 2388405995309163834, guid: e639952308207b747ba5851b87c64ee5,
        type: 3}
      propertyPath: m_LocalRotation.w
      value: 1
      objectReference: {fileID: 0}
    - target: {fileID: 2388405995309163834, guid: e639952308207b747ba5851b87c64ee5,
        type: 3}
      propertyPath: m_RootOrder
      value: 0
      objectReference: {fileID: 0}
    - target: {fileID: 2388405995309163834, guid: e639952308207b747ba5851b87c64ee5,
        type: 3}
      propertyPath: m_LocalEulerAnglesHint.x
      value: 0
      objectReference: {fileID: 0}
    - target: {fileID: 2388405995309163834, guid: e639952308207b747ba5851b87c64ee5,
        type: 3}
      propertyPath: m_LocalEulerAnglesHint.y
      value: 0
      objectReference: {fileID: 0}
    - target: {fileID: 2388405995309163834, guid: e639952308207b747ba5851b87c64ee5,
        type: 3}
      propertyPath: m_LocalEulerAnglesHint.z
      value: 0
      objectReference: {fileID: 0}
    - target: {fileID: 4113947229051820117, guid: e639952308207b747ba5851b87c64ee5,
        type: 3}
      propertyPath: m_Enabled
      value: 0
      objectReference: {fileID: 0}
    - target: {fileID: 4113947228938729925, guid: e639952308207b747ba5851b87c64ee5,
        type: 3}
      propertyPath: m_Enabled
      value: 0
      objectReference: {fileID: 0}
    - target: {fileID: 3382543560423875242, guid: e639952308207b747ba5851b87c64ee5,
        type: 3}
      propertyPath: tileName
      value: Ice Lake
      objectReference: {fileID: 0}
    - target: {fileID: 3382543560423875242, guid: e639952308207b747ba5851b87c64ee5,
        type: 3}
      propertyPath: description
      value: Increases Knockback Distance
      objectReference: {fileID: 0}
    - target: {fileID: 3382543560423875242, guid: e639952308207b747ba5851b87c64ee5,
        type: 3}
      propertyPath: image
      value: 
      objectReference: {fileID: 21300000, guid: 2711b807b5950414d90ad9838ee7fce3,
        type: 3}
    - target: {fileID: 3016382259468097001, guid: e639952308207b747ba5851b87c64ee5,
        type: 3}
      propertyPath: TerrainEffect
      value: 1
      objectReference: {fileID: 0}
    - target: {fileID: 3058214904749427784, guid: e639952308207b747ba5851b87c64ee5,
        type: 3}
      propertyPath: Decoration
      value: 
      objectReference: {fileID: 11400000, guid: f8638a7896b360741a46a7aa4f5dc489,
        type: 2}
    - target: {fileID: 4113947228962126229, guid: e639952308207b747ba5851b87c64ee5,
        type: 3}
      propertyPath: m_Enabled
      value: 0
      objectReference: {fileID: 0}
    - target: {fileID: 3382543560472306426, guid: e639952308207b747ba5851b87c64ee5,
        type: 3}
      propertyPath: tileName
      value: Ice Lake
      objectReference: {fileID: 0}
    - target: {fileID: 3382543560472306426, guid: e639952308207b747ba5851b87c64ee5,
        type: 3}
      propertyPath: description
      value: Increases Knockback Distance
      objectReference: {fileID: 0}
    - target: {fileID: 3382543560472306426, guid: e639952308207b747ba5851b87c64ee5,
        type: 3}
      propertyPath: image
      value: 
      objectReference: {fileID: 21300000, guid: 2711b807b5950414d90ad9838ee7fce3,
        type: 3}
    - target: {fileID: 3016382259445355961, guid: e639952308207b747ba5851b87c64ee5,
        type: 3}
      propertyPath: TerrainEffect
      value: 1
      objectReference: {fileID: 0}
    - target: {fileID: 3058214904793140248, guid: e639952308207b747ba5851b87c64ee5,
        type: 3}
      propertyPath: Decoration
      value: 
      objectReference: {fileID: 11400000, guid: f8638a7896b360741a46a7aa4f5dc489,
        type: 2}
    - target: {fileID: 4113947229332913477, guid: e639952308207b747ba5851b87c64ee5,
        type: 3}
      propertyPath: m_Enabled
      value: 0
      objectReference: {fileID: 0}
    - target: {fileID: 4113947229350653313, guid: e639952308207b747ba5851b87c64ee5,
        type: 3}
      propertyPath: m_Enabled
      value: 0
      objectReference: {fileID: 0}
    - target: {fileID: 4113947229379974865, guid: e639952308207b747ba5851b87c64ee5,
        type: 3}
      propertyPath: m_Enabled
      value: 0
      objectReference: {fileID: 0}
    - target: {fileID: 4113947229263205264, guid: e639952308207b747ba5851b87c64ee5,
        type: 3}
      propertyPath: m_Enabled
      value: 0
      objectReference: {fileID: 0}
    - target: {fileID: 4113947229277382526, guid: e639952308207b747ba5851b87c64ee5,
        type: 3}
      propertyPath: m_Enabled
      value: 0
      objectReference: {fileID: 0}
    - target: {fileID: 4113947229274056613, guid: e639952308207b747ba5851b87c64ee5,
        type: 3}
      propertyPath: m_Enabled
      value: 0
      objectReference: {fileID: 0}
    - target: {fileID: 4113947229291015794, guid: e639952308207b747ba5851b87c64ee5,
        type: 3}
      propertyPath: m_Enabled
      value: 0
      objectReference: {fileID: 0}
    - target: {fileID: 4113947229121296577, guid: e639952308207b747ba5851b87c64ee5,
        type: 3}
      propertyPath: m_Enabled
      value: 0
      objectReference: {fileID: 0}
    - target: {fileID: 3382543560111547310, guid: e639952308207b747ba5851b87c64ee5,
        type: 3}
      propertyPath: tileName
      value: Ice Lake
      objectReference: {fileID: 0}
    - target: {fileID: 3382543560111547310, guid: e639952308207b747ba5851b87c64ee5,
        type: 3}
      propertyPath: description
      value: Increases Knockback Distance
      objectReference: {fileID: 0}
    - target: {fileID: 3382543560111547310, guid: e639952308207b747ba5851b87c64ee5,
        type: 3}
      propertyPath: image
      value: 
      objectReference: {fileID: 21300000, guid: 2711b807b5950414d90ad9838ee7fce3,
        type: 3}
    - target: {fileID: 3016382259285497069, guid: e639952308207b747ba5851b87c64ee5,
        type: 3}
      propertyPath: TerrainEffect
      value: 1
      objectReference: {fileID: 0}
    - target: {fileID: 3058214904432905548, guid: e639952308207b747ba5851b87c64ee5,
        type: 3}
      propertyPath: Decoration
      value: 
      objectReference: {fileID: 11400000, guid: f8638a7896b360741a46a7aa4f5dc489,
        type: 2}
    - target: {fileID: 4113947229154995360, guid: e639952308207b747ba5851b87c64ee5,
        type: 3}
      propertyPath: m_Enabled
      value: 0
      objectReference: {fileID: 0}
    - target: {fileID: 4113947229149753364, guid: e639952308207b747ba5851b87c64ee5,
        type: 3}
      propertyPath: m_Enabled
      value: 0
      objectReference: {fileID: 0}
    - target: {fileID: 4113947229177288775, guid: e639952308207b747ba5851b87c64ee5,
        type: 3}
      propertyPath: m_Enabled
      value: 0
      objectReference: {fileID: 0}
    - target: {fileID: 4113947229591536267, guid: e639952308207b747ba5851b87c64ee5,
        type: 3}
      propertyPath: m_Enabled
      value: 0
      objectReference: {fileID: 0}
    - target: {fileID: 4113947229592939950, guid: e639952308207b747ba5851b87c64ee5,
        type: 3}
      propertyPath: m_Enabled
      value: 0
      objectReference: {fileID: 0}
    - target: {fileID: 4113947229624140037, guid: e639952308207b747ba5851b87c64ee5,
        type: 3}
      propertyPath: m_Enabled
      value: 0
      objectReference: {fileID: 0}
    - target: {fileID: 3382543560882707050, guid: e639952308207b747ba5851b87c64ee5,
        type: 3}
      propertyPath: tileName
      value: Ice Lake
      objectReference: {fileID: 0}
    - target: {fileID: 3382543560882707050, guid: e639952308207b747ba5851b87c64ee5,
        type: 3}
      propertyPath: description
      value: Increases Knockback Distance
      objectReference: {fileID: 0}
    - target: {fileID: 3382543560882707050, guid: e639952308207b747ba5851b87c64ee5,
        type: 3}
      propertyPath: image
      value: 
      objectReference: {fileID: 21300000, guid: 2711b807b5950414d90ad9838ee7fce3,
        type: 3}
    - target: {fileID: 3016382258782776617, guid: e639952308207b747ba5851b87c64ee5,
        type: 3}
      propertyPath: TerrainEffect
      value: 1
      objectReference: {fileID: 0}
    - target: {fileID: 3058214904399819912, guid: e639952308207b747ba5851b87c64ee5,
        type: 3}
      propertyPath: Decoration
      value: 
      objectReference: {fileID: 11400000, guid: f8638a7896b360741a46a7aa4f5dc489,
        type: 2}
    - target: {fileID: 4113947229500430476, guid: e639952308207b747ba5851b87c64ee5,
        type: 3}
      propertyPath: m_Enabled
      value: 0
      objectReference: {fileID: 0}
    - target: {fileID: 3382543561002222563, guid: e639952308207b747ba5851b87c64ee5,
        type: 3}
      propertyPath: tileName
      value: Ice Lake
      objectReference: {fileID: 0}
    - target: {fileID: 3382543561002222563, guid: e639952308207b747ba5851b87c64ee5,
        type: 3}
      propertyPath: description
      value: Increases Knockback Distance
      objectReference: {fileID: 0}
    - target: {fileID: 3382543561002222563, guid: e639952308207b747ba5851b87c64ee5,
        type: 3}
      propertyPath: image
      value: 
      objectReference: {fileID: 21300000, guid: 2711b807b5950414d90ad9838ee7fce3,
        type: 3}
    - target: {fileID: 3016382258906526880, guid: e639952308207b747ba5851b87c64ee5,
        type: 3}
      propertyPath: TerrainEffect
      value: 1
      objectReference: {fileID: 0}
    - target: {fileID: 3058214904255098113, guid: e639952308207b747ba5851b87c64ee5,
        type: 3}
      propertyPath: Decoration
      value: 
      objectReference: {fileID: 11400000, guid: f8638a7896b360741a46a7aa4f5dc489,
        type: 2}
    - target: {fileID: 4113947229390262600, guid: e639952308207b747ba5851b87c64ee5,
        type: 3}
      propertyPath: m_Enabled
      value: 0
      objectReference: {fileID: 0}
    - target: {fileID: 4113947229389498583, guid: e639952308207b747ba5851b87c64ee5,
        type: 3}
      propertyPath: m_Enabled
      value: 0
      objectReference: {fileID: 0}
    - target: {fileID: 4113947229400610364, guid: e639952308207b747ba5851b87c64ee5,
        type: 3}
      propertyPath: m_Enabled
      value: 0
      objectReference: {fileID: 0}
    - target: {fileID: 4113947229878079512, guid: e639952308207b747ba5851b87c64ee5,
        type: 3}
      propertyPath: m_Enabled
      value: 0
      objectReference: {fileID: 0}
    - target: {fileID: 4113947229786813803, guid: e639952308207b747ba5851b87c64ee5,
        type: 3}
      propertyPath: m_Enabled
      value: 0
      objectReference: {fileID: 0}
    - target: {fileID: 4113947229804076652, guid: e639952308207b747ba5851b87c64ee5,
        type: 3}
      propertyPath: m_Enabled
      value: 0
      objectReference: {fileID: 0}
    - target: {fileID: 4113947229754557878, guid: e639952308207b747ba5851b87c64ee5,
        type: 3}
      propertyPath: m_Enabled
      value: 0
      objectReference: {fileID: 0}
    - target: {fileID: 4113947229701488016, guid: e639952308207b747ba5851b87c64ee5,
        type: 3}
      propertyPath: m_Enabled
      value: 0
      objectReference: {fileID: 0}
    - target: {fileID: 4113947227979536575, guid: e639952308207b747ba5851b87c64ee5,
        type: 3}
      propertyPath: m_Enabled
      value: 0
      objectReference: {fileID: 0}
    - target: {fileID: 3382543559238190032, guid: e639952308207b747ba5851b87c64ee5,
        type: 3}
      propertyPath: tileName
      value: Ice Lake
      objectReference: {fileID: 0}
    - target: {fileID: 3382543559238190032, guid: e639952308207b747ba5851b87c64ee5,
        type: 3}
      propertyPath: description
      value: Increases Knockback Distance
      objectReference: {fileID: 0}
    - target: {fileID: 3382543559238190032, guid: e639952308207b747ba5851b87c64ee5,
        type: 3}
      propertyPath: image
      value: 
      objectReference: {fileID: 21300000, guid: 2711b807b5950414d90ad9838ee7fce3,
        type: 3}
    - target: {fileID: 3016382258280330387, guid: e639952308207b747ba5851b87c64ee5,
        type: 3}
      propertyPath: TerrainEffect
      value: 1
      objectReference: {fileID: 0}
    - target: {fileID: 3058214905977056562, guid: e639952308207b747ba5851b87c64ee5,
        type: 3}
      propertyPath: Decoration
      value: 
      objectReference: {fileID: 11400000, guid: f8638a7896b360741a46a7aa4f5dc489,
        type: 2}
    - target: {fileID: 4113947227944835046, guid: e639952308207b747ba5851b87c64ee5,
        type: 3}
      propertyPath: m_Enabled
      value: 0
      objectReference: {fileID: 0}
    - target: {fileID: 3382543559203425417, guid: e639952308207b747ba5851b87c64ee5,
        type: 3}
      propertyPath: tileName
      value: Ice Lake
      objectReference: {fileID: 0}
    - target: {fileID: 3382543559203425417, guid: e639952308207b747ba5851b87c64ee5,
        type: 3}
      propertyPath: description
      value: Increases Knockback Distance
      objectReference: {fileID: 0}
    - target: {fileID: 3382543559203425417, guid: e639952308207b747ba5851b87c64ee5,
        type: 3}
      propertyPath: image
      value: 
      objectReference: {fileID: 21300000, guid: 2711b807b5950414d90ad9838ee7fce3,
        type: 3}
    - target: {fileID: 3016382258314509258, guid: e639952308207b747ba5851b87c64ee5,
        type: 3}
      propertyPath: TerrainEffect
      value: 1
      objectReference: {fileID: 0}
    - target: {fileID: 3058214905944973931, guid: e639952308207b747ba5851b87c64ee5,
        type: 3}
      propertyPath: Decoration
      value: 
      objectReference: {fileID: 11400000, guid: f8638a7896b360741a46a7aa4f5dc489,
        type: 2}
    - target: {fileID: 4113947227942771801, guid: e639952308207b747ba5851b87c64ee5,
        type: 3}
      propertyPath: m_Enabled
      value: 0
      objectReference: {fileID: 0}
    - target: {fileID: 4113947227876735653, guid: e639952308207b747ba5851b87c64ee5,
        type: 3}
      propertyPath: m_Enabled
      value: 0
      objectReference: {fileID: 0}
    - target: {fileID: 4113947227898012875, guid: e639952308207b747ba5851b87c64ee5,
        type: 3}
      propertyPath: m_Enabled
      value: 0
      objectReference: {fileID: 0}
    - target: {fileID: 4113947227800261031, guid: e639952308207b747ba5851b87c64ee5,
        type: 3}
      propertyPath: m_Enabled
      value: 0
      objectReference: {fileID: 0}
    - target: {fileID: 4113947227816352472, guid: e639952308207b747ba5851b87c64ee5,
        type: 3}
      propertyPath: m_Enabled
      value: 0
      objectReference: {fileID: 0}
    - target: {fileID: 4113947227812598063, guid: e639952308207b747ba5851b87c64ee5,
        type: 3}
      propertyPath: m_Enabled
      value: 0
      objectReference: {fileID: 0}
    - target: {fileID: 4113947227826361084, guid: e639952308207b747ba5851b87c64ee5,
        type: 3}
      propertyPath: m_Enabled
      value: 0
      objectReference: {fileID: 0}
    - target: {fileID: 4113947227822123904, guid: e639952308207b747ba5851b87c64ee5,
        type: 3}
      propertyPath: m_Enabled
      value: 0
      objectReference: {fileID: 0}
    - target: {fileID: 3382543559324053743, guid: e639952308207b747ba5851b87c64ee5,
        type: 3}
      propertyPath: tileName
      value: Ice Lake
      objectReference: {fileID: 0}
    - target: {fileID: 3382543559324053743, guid: e639952308207b747ba5851b87c64ee5,
        type: 3}
      propertyPath: description
      value: Increases Knockback Distance
      objectReference: {fileID: 0}
    - target: {fileID: 3382543559324053743, guid: e639952308207b747ba5851b87c64ee5,
        type: 3}
      propertyPath: image
      value: 
      objectReference: {fileID: 21300000, guid: 2711b807b5950414d90ad9838ee7fce3,
        type: 3}
    - target: {fileID: 3016382258437212076, guid: e639952308207b747ba5851b87c64ee5,
        type: 3}
      propertyPath: TerrainEffect
      value: 1
      objectReference: {fileID: 0}
    - target: {fileID: 3058214905799187981, guid: e639952308207b747ba5851b87c64ee5,
        type: 3}
      propertyPath: Decoration
      value: 
      objectReference: {fileID: 11400000, guid: f8638a7896b360741a46a7aa4f5dc489,
        type: 2}
    - target: {fileID: 4113947228289701071, guid: e639952308207b747ba5851b87c64ee5,
        type: 3}
      propertyPath: m_Enabled
      value: 0
      objectReference: {fileID: 0}
    - target: {fileID: 4113947228303923765, guid: e639952308207b747ba5851b87c64ee5,
        type: 3}
      propertyPath: m_Enabled
      value: 0
      objectReference: {fileID: 0}
    - target: {fileID: 4113947228219233498, guid: e639952308207b747ba5851b87c64ee5,
        type: 3}
      propertyPath: m_Enabled
      value: 0
      objectReference: {fileID: 0}
    - target: {fileID: 4113947228215148038, guid: e639952308207b747ba5851b87c64ee5,
        type: 3}
      propertyPath: m_Enabled
      value: 0
      objectReference: {fileID: 0}
    - target: {fileID: 4113947228208671854, guid: e639952308207b747ba5851b87c64ee5,
        type: 3}
      propertyPath: m_Enabled
      value: 0
      objectReference: {fileID: 0}
    - target: {fileID: 3382543558938818305, guid: e639952308207b747ba5851b87c64ee5,
        type: 3}
      propertyPath: tileName
      value: Ice Lake
      objectReference: {fileID: 0}
    - target: {fileID: 3382543558938818305, guid: e639952308207b747ba5851b87c64ee5,
        type: 3}
      propertyPath: description
      value: Increases Knockback Distance
      objectReference: {fileID: 0}
    - target: {fileID: 3382543558938818305, guid: e639952308207b747ba5851b87c64ee5,
        type: 3}
      propertyPath: image
      value: 
      objectReference: {fileID: 21300000, guid: 2711b807b5950414d90ad9838ee7fce3,
        type: 3}
    - target: {fileID: 3016382258051153986, guid: e639952308207b747ba5851b87c64ee5,
        type: 3}
      propertyPath: TerrainEffect
      value: 1
      objectReference: {fileID: 0}
    - target: {fileID: 3058214905680878051, guid: e639952308207b747ba5851b87c64ee5,
        type: 3}
      propertyPath: Decoration
      value: 
      objectReference: {fileID: 11400000, guid: f8638a7896b360741a46a7aa4f5dc489,
        type: 2}
    - target: {fileID: 4113947228050946368, guid: e639952308207b747ba5851b87c64ee5,
        type: 3}
      propertyPath: m_Enabled
      value: 0
      objectReference: {fileID: 0}
    - target: {fileID: 4113947228066046602, guid: e639952308207b747ba5851b87c64ee5,
        type: 3}
      propertyPath: m_Enabled
      value: 0
      objectReference: {fileID: 0}
    - target: {fileID: 4113947228058962521, guid: e639952308207b747ba5851b87c64ee5,
        type: 3}
      propertyPath: m_Enabled
      value: 0
      objectReference: {fileID: 0}
    - target: {fileID: 4113947228102986638, guid: e639952308207b747ba5851b87c64ee5,
        type: 3}
      propertyPath: m_Enabled
      value: 0
      objectReference: {fileID: 0}
    - target: {fileID: 3382543559042912481, guid: e639952308207b747ba5851b87c64ee5,
        type: 3}
      propertyPath: tileName
      value: Ice Lake
      objectReference: {fileID: 0}
    - target: {fileID: 3382543559042912481, guid: e639952308207b747ba5851b87c64ee5,
        type: 3}
      propertyPath: description
      value: Increases Knockback Distance
      objectReference: {fileID: 0}
    - target: {fileID: 3382543559042912481, guid: e639952308207b747ba5851b87c64ee5,
        type: 3}
      propertyPath: image
      value: 
      objectReference: {fileID: 21300000, guid: 2711b807b5950414d90ad9838ee7fce3,
        type: 3}
    - target: {fileID: 3016382258156316578, guid: e639952308207b747ba5851b87c64ee5,
        type: 3}
      propertyPath: TerrainEffect
      value: 1
      objectReference: {fileID: 0}
    - target: {fileID: 3058214905518063107, guid: e639952308207b747ba5851b87c64ee5,
        type: 3}
      propertyPath: Decoration
      value: 
      objectReference: {fileID: 11400000, guid: f8638a7896b360741a46a7aa4f5dc489,
        type: 2}
    - target: {fileID: 4113947228512366164, guid: e639952308207b747ba5851b87c64ee5,
        type: 3}
      propertyPath: m_Enabled
      value: 0
      objectReference: {fileID: 0}
    - target: {fileID: 3382543559779382587, guid: e639952308207b747ba5851b87c64ee5,
        type: 3}
      propertyPath: tileName
      value: Ice Lake
      objectReference: {fileID: 0}
    - target: {fileID: 3382543559779382587, guid: e639952308207b747ba5851b87c64ee5,
        type: 3}
      propertyPath: description
      value: Increases Knockback Distance
      objectReference: {fileID: 0}
    - target: {fileID: 3382543559779382587, guid: e639952308207b747ba5851b87c64ee5,
        type: 3}
      propertyPath: image
      value: 
      objectReference: {fileID: 21300000, guid: 2711b807b5950414d90ad9838ee7fce3,
        type: 3}
    - target: {fileID: 3016382257747460728, guid: e639952308207b747ba5851b87c64ee5,
        type: 3}
      propertyPath: TerrainEffect
      value: 1
      objectReference: {fileID: 0}
    - target: {fileID: 3058214905444555737, guid: e639952308207b747ba5851b87c64ee5,
        type: 3}
      propertyPath: Decoration
      value: 
      objectReference: {fileID: 11400000, guid: f8638a7896b360741a46a7aa4f5dc489,
        type: 2}
    - target: {fileID: 4113947228549948667, guid: e639952308207b747ba5851b87c64ee5,
        type: 3}
      propertyPath: m_Enabled
      value: 0
      objectReference: {fileID: 0}
    - target: {fileID: 4113947228574030149, guid: e639952308207b747ba5851b87c64ee5,
        type: 3}
      propertyPath: m_Enabled
      value: 0
      objectReference: {fileID: 0}
    - target: {fileID: 4113947228457441239, guid: e639952308207b747ba5851b87c64ee5,
        type: 3}
      propertyPath: m_Enabled
      value: 0
      objectReference: {fileID: 0}
    - target: {fileID: 4113947228390252526, guid: e639952308207b747ba5851b87c64ee5,
        type: 3}
      propertyPath: m_Enabled
      value: 0
      objectReference: {fileID: 0}
    - target: {fileID: 4113947228421856550, guid: e639952308207b747ba5851b87c64ee5,
        type: 3}
      propertyPath: m_Enabled
      value: 0
      objectReference: {fileID: 0}
    - target: {fileID: 3382543559932003913, guid: e639952308207b747ba5851b87c64ee5,
        type: 3}
      propertyPath: tileName
      value: Ice Lake
      objectReference: {fileID: 0}
    - target: {fileID: 3382543559932003913, guid: e639952308207b747ba5851b87c64ee5,
        type: 3}
      propertyPath: description
      value: Increases Knockback Distance
      objectReference: {fileID: 0}
    - target: {fileID: 3382543559932003913, guid: e639952308207b747ba5851b87c64ee5,
        type: 3}
      propertyPath: image
      value: 
      objectReference: {fileID: 21300000, guid: 2711b807b5950414d90ad9838ee7fce3,
        type: 3}
    - target: {fileID: 3016382257837584650, guid: e639952308207b747ba5851b87c64ee5,
        type: 3}
      propertyPath: TerrainEffect
      value: 1
      objectReference: {fileID: 0}
    - target: {fileID: 3058214905333475499, guid: e639952308207b747ba5851b87c64ee5,
        type: 3}
      propertyPath: Decoration
      value: 
      objectReference: {fileID: 11400000, guid: f8638a7896b360741a46a7aa4f5dc489,
        type: 2}
    - target: {fileID: 4113947228422110383, guid: e639952308207b747ba5851b87c64ee5,
        type: 3}
      propertyPath: m_Enabled
      value: 0
      objectReference: {fileID: 0}
    - target: {fileID: 4113947228368399136, guid: e639952308207b747ba5851b87c64ee5,
        type: 3}
      propertyPath: m_Enabled
      value: 0
      objectReference: {fileID: 0}
    - target: {fileID: 3382543559853355087, guid: e639952308207b747ba5851b87c64ee5,
        type: 3}
      propertyPath: tileName
      value: Ice Lake
      objectReference: {fileID: 0}
    - target: {fileID: 3382543559853355087, guid: e639952308207b747ba5851b87c64ee5,
        type: 3}
      propertyPath: description
      value: Increases Knockback Distance
      objectReference: {fileID: 0}
    - target: {fileID: 3382543559853355087, guid: e639952308207b747ba5851b87c64ee5,
        type: 3}
      propertyPath: image
      value: 
      objectReference: {fileID: 21300000, guid: 2711b807b5950414d90ad9838ee7fce3,
        type: 3}
    - target: {fileID: 3016382257891067660, guid: e639952308207b747ba5851b87c64ee5,
        type: 3}
      propertyPath: TerrainEffect
      value: 1
      objectReference: {fileID: 0}
    - target: {fileID: 3058214905252716205, guid: e639952308207b747ba5851b87c64ee5,
        type: 3}
      propertyPath: Decoration
      value: 
      objectReference: {fileID: 11400000, guid: f8638a7896b360741a46a7aa4f5dc489,
        type: 2}
    - target: {fileID: 4113947228358863882, guid: e639952308207b747ba5851b87c64ee5,
        type: 3}
      propertyPath: m_Enabled
      value: 0
      objectReference: {fileID: 0}
    - target: {fileID: 3382543559860795237, guid: e639952308207b747ba5851b87c64ee5,
        type: 3}
      propertyPath: tileName
      value: Ice Lake
      objectReference: {fileID: 0}
    - target: {fileID: 3382543559860795237, guid: e639952308207b747ba5851b87c64ee5,
        type: 3}
      propertyPath: description
      value: Increases Knockback Distance
      objectReference: {fileID: 0}
    - target: {fileID: 3382543559860795237, guid: e639952308207b747ba5851b87c64ee5,
        type: 3}
      propertyPath: image
      value: 
      objectReference: {fileID: 21300000, guid: 2711b807b5950414d90ad9838ee7fce3,
        type: 3}
    - target: {fileID: 3016382257900470310, guid: e639952308207b747ba5851b87c64ee5,
        type: 3}
      propertyPath: TerrainEffect
      value: 1
      objectReference: {fileID: 0}
    - target: {fileID: 3058214905262184839, guid: e639952308207b747ba5851b87c64ee5,
        type: 3}
      propertyPath: Decoration
      value: 
      objectReference: {fileID: 11400000, guid: f8638a7896b360741a46a7aa4f5dc489,
        type: 2}
    - target: {fileID: 4113947228806332649, guid: e639952308207b747ba5851b87c64ee5,
        type: 3}
      propertyPath: m_Enabled
      value: 0
      objectReference: {fileID: 0}
    - target: {fileID: 4113947228815469751, guid: e639952308207b747ba5851b87c64ee5,
        type: 3}
      propertyPath: m_Enabled
      value: 0
      objectReference: {fileID: 0}
    - target: {fileID: 3016382257444487323, guid: e639952308207b747ba5851b87c64ee5,
        type: 3}
      propertyPath: TerrainEffect
      value: 1
      objectReference: {fileID: 0}
    - target: {fileID: 4113947228842543065, guid: e639952308207b747ba5851b87c64ee5,
        type: 3}
      propertyPath: m_Enabled
      value: 0
      objectReference: {fileID: 0}
    - target: {fileID: 4113947228829282247, guid: e639952308207b747ba5851b87c64ee5,
        type: 3}
      propertyPath: m_Enabled
      value: 0
      objectReference: {fileID: 0}
    - target: {fileID: 4113947228768565108, guid: e639952308207b747ba5851b87c64ee5,
        type: 3}
      propertyPath: m_Enabled
      value: 0
      objectReference: {fileID: 0}
    - target: {fileID: 4113947228647862654, guid: e639952308207b747ba5851b87c64ee5,
        type: 3}
      propertyPath: m_Enabled
      value: 0
      objectReference: {fileID: 0}
    - target: {fileID: 4113947228649299392, guid: e639952308207b747ba5851b87c64ee5,
        type: 3}
      propertyPath: m_Enabled
      value: 0
      objectReference: {fileID: 0}
    - target: {fileID: 4113947228678974147, guid: e639952308207b747ba5851b87c64ee5,
        type: 3}
      propertyPath: m_Enabled
      value: 0
      objectReference: {fileID: 0}
    - target: {fileID: 4113947228705254337, guid: e639952308207b747ba5851b87c64ee5,
        type: 3}
      propertyPath: m_Enabled
      value: 0
      objectReference: {fileID: 0}
    - target: {fileID: 4113947228636388724, guid: e639952308207b747ba5851b87c64ee5,
        type: 3}
      propertyPath: m_Enabled
      value: 0
      objectReference: {fileID: 0}
    - target: {fileID: 5446955719384302591, guid: e639952308207b747ba5851b87c64ee5,
        type: 3}
      propertyPath: m_Materials.Array.data[0]
      value: 
      objectReference: {fileID: 2100000, guid: 067d2ed866ce58a4790d62e62eb12f34, type: 2}
    - target: {fileID: 5446955719483559078, guid: e639952308207b747ba5851b87c64ee5,
        type: 3}
      propertyPath: m_Materials.Array.data[0]
      value: 
      objectReference: {fileID: 2100000, guid: 067d2ed866ce58a4790d62e62eb12f34, type: 2}
    - target: {fileID: 5446955719335686336, guid: e639952308207b747ba5851b87c64ee5,
        type: 3}
      propertyPath: m_Materials.Array.data[0]
      value: 
      objectReference: {fileID: 2100000, guid: 067d2ed866ce58a4790d62e62eb12f34, type: 2}
    - target: {fileID: 5446955719219214126, guid: e639952308207b747ba5851b87c64ee5,
        type: 3}
      propertyPath: m_Materials.Array.data[0]
      value: 
      objectReference: {fileID: 2100000, guid: 067d2ed866ce58a4790d62e62eb12f34, type: 2}
    - target: {fileID: 5446955719071584462, guid: e639952308207b747ba5851b87c64ee5,
        type: 3}
      propertyPath: m_Materials.Array.data[0]
      value: 
      objectReference: {fileID: 2100000, guid: 067d2ed866ce58a4790d62e62eb12f34, type: 2}
    - target: {fileID: 5446955719925298452, guid: e639952308207b747ba5851b87c64ee5,
        type: 3}
      propertyPath: m_Materials.Array.data[0]
      value: 
      objectReference: {fileID: 2100000, guid: 067d2ed866ce58a4790d62e62eb12f34, type: 2}
    - target: {fileID: 5446955719826523750, guid: e639952308207b747ba5851b87c64ee5,
        type: 3}
      propertyPath: m_Materials.Array.data[0]
      value: 
      objectReference: {fileID: 2100000, guid: 067d2ed866ce58a4790d62e62eb12f34, type: 2}
    - target: {fileID: 5446955719882092640, guid: e639952308207b747ba5851b87c64ee5,
        type: 3}
      propertyPath: m_Materials.Array.data[0]
      value: 
      objectReference: {fileID: 2100000, guid: 067d2ed866ce58a4790d62e62eb12f34, type: 2}
    - target: {fileID: 5446955719872689994, guid: e639952308207b747ba5851b87c64ee5,
        type: 3}
      propertyPath: m_Materials.Array.data[0]
      value: 
      objectReference: {fileID: 2100000, guid: 067d2ed866ce58a4790d62e62eb12f34, type: 2}
    - target: {fileID: 5446955719691401207, guid: e639952308207b747ba5851b87c64ee5,
        type: 3}
      propertyPath: m_Materials.Array.data[0]
      value: 
      objectReference: {fileID: 2100000, guid: 067d2ed866ce58a4790d62e62eb12f34, type: 2}
    - target: {fileID: 5446955720366760661, guid: e639952308207b747ba5851b87c64ee5,
        type: 3}
      propertyPath: m_Materials.Array.data[0]
      value: 
      objectReference: {fileID: 2100000, guid: 067d2ed866ce58a4790d62e62eb12f34, type: 2}
    - target: {fileID: 5446955720318329477, guid: e639952308207b747ba5851b87c64ee5,
        type: 3}
      propertyPath: m_Materials.Array.data[0]
      value: 
      objectReference: {fileID: 2100000, guid: 067d2ed866ce58a4790d62e62eb12f34, type: 2}
    - target: {fileID: 5446955720123179905, guid: e639952308207b747ba5851b87c64ee5,
        type: 3}
      propertyPath: m_Materials.Array.data[0]
      value: 
      objectReference: {fileID: 2100000, guid: 067d2ed866ce58a4790d62e62eb12f34, type: 2}
    - target: {fileID: 5446955721028557381, guid: e639952308207b747ba5851b87c64ee5,
        type: 3}
      propertyPath: m_Materials.Array.data[0]
      value: 
      objectReference: {fileID: 2100000, guid: 067d2ed866ce58a4790d62e62eb12f34, type: 2}
    - target: {fileID: 5446955720879637452, guid: e639952308207b747ba5851b87c64ee5,
        type: 3}
      propertyPath: m_Materials.Array.data[0]
      value: 
      objectReference: {fileID: 2100000, guid: 067d2ed866ce58a4790d62e62eb12f34, type: 2}
    - target: {fileID: 861632819665927732, guid: e639952308207b747ba5851b87c64ee5,
        type: 3}
      propertyPath: m_Materials.Array.data[0]
      value: 
      objectReference: {fileID: 2100000, guid: 299b6aa12dc580045b4779b278b6d148, type: 2}
    - target: {fileID: 861632819190249891, guid: e639952308207b747ba5851b87c64ee5,
        type: 3}
      propertyPath: m_Materials.Array.data[0]
      value: 
      objectReference: {fileID: 2100000, guid: 299b6aa12dc580045b4779b278b6d148, type: 2}
    - target: {fileID: 861632819182878345, guid: e639952308207b747ba5851b87c64ee5,
        type: 3}
      propertyPath: m_Materials.Array.data[0]
      value: 
      objectReference: {fileID: 2100000, guid: 299b6aa12dc580045b4779b278b6d148, type: 2}
    - target: {fileID: 861632819279384485, guid: e639952308207b747ba5851b87c64ee5,
        type: 3}
      propertyPath: m_Materials.Array.data[0]
      value: 
      objectReference: {fileID: 2100000, guid: 299b6aa12dc580045b4779b278b6d148, type: 2}
    - target: {fileID: 861632819364920535, guid: e639952308207b747ba5851b87c64ee5,
        type: 3}
      propertyPath: m_Materials.Array.data[0]
      value: 
      objectReference: {fileID: 2100000, guid: 299b6aa12dc580045b4779b278b6d148, type: 2}
    - target: {fileID: 861632818927032589, guid: e639952308207b747ba5851b87c64ee5,
        type: 3}
      propertyPath: m_Materials.Array.data[0]
      value: 
      objectReference: {fileID: 2100000, guid: 299b6aa12dc580045b4779b278b6d148, type: 2}
    - target: {fileID: 861632819064635117, guid: e639952308207b747ba5851b87c64ee5,
        type: 3}
      propertyPath: m_Materials.Array.data[0]
      value: 
      objectReference: {fileID: 2100000, guid: 299b6aa12dc580045b4779b278b6d148, type: 2}
    - target: {fileID: 861632818645874947, guid: e639952308207b747ba5851b87c64ee5,
        type: 3}
      propertyPath: m_Materials.Array.data[0]
      value: 
      objectReference: {fileID: 2100000, guid: 299b6aa12dc580045b4779b278b6d148, type: 2}
    - target: {fileID: 861632818799969637, guid: e639952308207b747ba5851b87c64ee5,
        type: 3}
      propertyPath: m_Materials.Array.data[0]
      value: 
      objectReference: {fileID: 2100000, guid: 299b6aa12dc580045b4779b278b6d148, type: 2}
    - target: {fileID: 861632818832378428, guid: e639952308207b747ba5851b87c64ee5,
        type: 3}
      propertyPath: m_Materials.Array.data[0]
      value: 
      objectReference: {fileID: 2100000, guid: 299b6aa12dc580045b4779b278b6d148, type: 2}
    - target: {fileID: 861632818175642127, guid: e639952308207b747ba5851b87c64ee5,
        type: 3}
      propertyPath: m_Materials.Array.data[0]
      value: 
      objectReference: {fileID: 2100000, guid: 299b6aa12dc580045b4779b278b6d148, type: 2}
    - target: {fileID: 861632818328753030, guid: e639952308207b747ba5851b87c64ee5,
        type: 3}
      propertyPath: m_Materials.Array.data[0]
      value: 
      objectReference: {fileID: 2100000, guid: 299b6aa12dc580045b4779b278b6d148, type: 2}
    - target: {fileID: 861632817824852546, guid: e639952308207b747ba5851b87c64ee5,
        type: 3}
      propertyPath: m_Materials.Array.data[0]
      value: 
      objectReference: {fileID: 2100000, guid: 299b6aa12dc580045b4779b278b6d148, type: 2}
    - target: {fileID: 861632817665387286, guid: e639952308207b747ba5851b87c64ee5,
        type: 3}
      propertyPath: m_Materials.Array.data[0]
      value: 
      objectReference: {fileID: 2100000, guid: 299b6aa12dc580045b4779b278b6d148, type: 2}
    - target: {fileID: 861632817613155142, guid: e639952308207b747ba5851b87c64ee5,
        type: 3}
      propertyPath: m_Materials.Array.data[0]
      value: 
      objectReference: {fileID: 2100000, guid: 299b6aa12dc580045b4779b278b6d148, type: 2}
    m_RemovedComponents: []
  m_SourcePrefab: {fileID: 100100000, guid: e639952308207b747ba5851b87c64ee5, type: 3}
--- !u!4 &92286099946752077 stripped
Transform:
  m_CorrespondingSourceObject: {fileID: 8874571536507434315, guid: e639952308207b747ba5851b87c64ee5,
    type: 3}
  m_PrefabInstance: {fileID: 8822290479943597318}
  m_PrefabAsset: {fileID: 0}
--- !u!1001 &8884981396829987649
PrefabInstance:
  m_ObjectHideFlags: 0
  serializedVersion: 2
  m_Modification:
    m_TransformParent: {fileID: 92286099946752077}
    m_Modifications:
    - target: {fileID: 7750531288870525403, guid: 49748c2aaf77723449599e3ddd34d425,
        type: 3}
      propertyPath: m_Name
      value: MountainTile01 (1)
      objectReference: {fileID: 0}
    - target: {fileID: 7750531288870525403, guid: 49748c2aaf77723449599e3ddd34d425,
        type: 3}
      propertyPath: m_IsActive
      value: 1
      objectReference: {fileID: 0}
    - target: {fileID: 6761084999748512712, guid: 49748c2aaf77723449599e3ddd34d425,
        type: 3}
      propertyPath: m_LocalPosition.x
      value: 1
      objectReference: {fileID: 0}
    - target: {fileID: 6761084999748512712, guid: 49748c2aaf77723449599e3ddd34d425,
        type: 3}
      propertyPath: m_LocalPosition.y
      value: 0.91
      objectReference: {fileID: 0}
    - target: {fileID: 6761084999748512712, guid: 49748c2aaf77723449599e3ddd34d425,
        type: 3}
      propertyPath: m_LocalPosition.z
      value: 5
      objectReference: {fileID: 0}
    - target: {fileID: 6761084999748512712, guid: 49748c2aaf77723449599e3ddd34d425,
        type: 3}
      propertyPath: m_LocalRotation.x
      value: 0
      objectReference: {fileID: 0}
    - target: {fileID: 6761084999748512712, guid: 49748c2aaf77723449599e3ddd34d425,
        type: 3}
      propertyPath: m_LocalRotation.y
      value: -0
      objectReference: {fileID: 0}
    - target: {fileID: 6761084999748512712, guid: 49748c2aaf77723449599e3ddd34d425,
        type: 3}
      propertyPath: m_LocalRotation.z
      value: -0
      objectReference: {fileID: 0}
    - target: {fileID: 6761084999748512712, guid: 49748c2aaf77723449599e3ddd34d425,
        type: 3}
      propertyPath: m_LocalRotation.w
      value: 1
      objectReference: {fileID: 0}
    - target: {fileID: 6761084999748512712, guid: 49748c2aaf77723449599e3ddd34d425,
        type: 3}
      propertyPath: m_RootOrder
      value: 1
      objectReference: {fileID: 0}
    - target: {fileID: 6761084999748512712, guid: 49748c2aaf77723449599e3ddd34d425,
        type: 3}
      propertyPath: m_LocalEulerAnglesHint.x
      value: 0
      objectReference: {fileID: 0}
    - target: {fileID: 6761084999748512712, guid: 49748c2aaf77723449599e3ddd34d425,
        type: 3}
      propertyPath: m_LocalEulerAnglesHint.y
      value: 0
      objectReference: {fileID: 0}
    - target: {fileID: 6761084999748512712, guid: 49748c2aaf77723449599e3ddd34d425,
        type: 3}
      propertyPath: m_LocalEulerAnglesHint.z
      value: 0
      objectReference: {fileID: 0}
    - target: {fileID: 5549407535006833302, guid: 49748c2aaf77723449599e3ddd34d425,
        type: 3}
      propertyPath: position.x
      value: 1
      objectReference: {fileID: 0}
    - target: {fileID: 5549407535006833302, guid: 49748c2aaf77723449599e3ddd34d425,
        type: 3}
      propertyPath: position.z
      value: 5
      objectReference: {fileID: 0}
    m_RemovedComponents: []
  m_SourcePrefab: {fileID: 100100000, guid: 49748c2aaf77723449599e3ddd34d425, type: 3}
